3400 5709
329 893 331 898 .
458 835 501 898 48
776 807 974 896 ,1111111111
995 845 1154 896 1111111111

291 1027 437 1082 1111415.
458 1021 607 1098 celeriter,
630 1019 809 1108 imperauit.
855 1019 919 1100 Qui
939 1019 1107 1084 literarum
1131 1017 1238 1082 studio
1252 1017 1401 1084 Lutetiae
1424 1017 1487 1083 illis

201 1127 205 1132 ’
294 1123 394 1172 Then-
457 1125 654 1210 temporibus
679 1127 841 1200 vacarunt,
873 1121 1017 1188 civitatis
1045 1121 1214 1186 interitum
1245 1127 1278 1184 et
1306 1121 1489 1206 reipublicae

291 1255 334 1304 the
342 1255 440 1306 learned
457 1225 694 1290 conversionem
725 1225 869 1288 oratione
897 1223 1027 1308 lugubri
1056 1223 1175 1286 doloris
1203 1212 1238 1287 et
1266 1223 1372 1286 luctus
1395 1223 1490 1306 plena

292 1319 406 1370 ”Palli-
429 1391 431 1396 ,
456 1331 532 1390 sunt
554 1327 716 1410 persecuti.
763 1325 880 1388 Gravis
903 1347 1013 1388 eorum
1035 1326 1075 1388 de
1096 1325 1191 1388 rebus
1213 1325 1347 1410 singulis
1362 1324 1491 1407 querela

455 1427 537 1490 firit:
561 1429 683 1510 pestem
715 1429 749 1490 et
782 1425 885 1488 facem
913 1446 934 1486 a
966 1427 1085 1488 nostris
1114 1426 1299 1490 hominibus
1326 1421 1491 1488 Gallorum

455 1525 592 1588 fortunis
622 1525 747 1588 illatam
776 1525 959 1608 loquuntur,
987 1525 1075 1608 quod
1104 1525 1313 1610 magistratus
1338 1545 1493 1610 pauperes

455 1625 574 1710 injuria
596 1625 813 1710 opprimerent
842 1647 901 1688 nec
929 1625 972 1688 ad
1004 1625 1142 1688 salutem
1163 1625 1306 1692 civitatis
1338 1625 1494 1712 advigila-

331 1735 332 1738 ’
454 1731 534 1804 rent,
567 1727 712 1812 princeps
738 1727 863 1790 incuria
883 1731 917 1790 et
938 1727 1137 1812 negligentia
1165 1729 1292 1814 singula
1320 1729 1493 1806 omitteret,

454 1829 571 1912 quibus
601 1829 694 1912 regni
725 1827 905 1912 amplitudo
936 1829 1117 1892 conservari
1147 1835 1181 1892 et
1209 1829 1391 1914 procuratio
1425 1829 1496 1914 ipsa

454 1929 556 1994 totius
599 1929 705 2016 gentis
743 1931 893 2014 praeclare
936 1930 1006 2016 geri
1049 1935 1164 2016 posset.
1225 1929 1299 1994 Hac
1341 1929 1496 1994 felicitate

288 2045 378 2110 Heury
455 2031 616 2096 Henricus
667 2031 806 2096 Galletas
854 2032 1037 2096 incredibili
1089 2033 1253 2096 celeritate
1308 2054 1382 2096 cum
1431 2031 1497 2096 suis

286 2113 436 2228 'gffism
454 2131 613 2196 militibus
634 2133 726 2216 petit,
762 2135 933 2216 postquam
955 2133 1144 2196 vulneribus
1165 2133 1298 2196 affectos
1327 2131 1497 2196 refecisset.

454 2231 565 2296 Ducis
592 2231 801 2296 Eboracensis
839 2235 873 2296 et
907 2231 1069 2296 Suffolciae
1106 2233 1233 2296 comitis
1270 2233 1428 2296 cadavera
1464 2232 1501 2296 in

453 2333 606 2418 Angliam
630 2333 746 2396 deferri
768 2333 838 2418 regi
855 2338 966 2396 nostro
988 2333 1119 2418 placuit,
1131 2333 1223 2415 justa
1242 2333 1289 2396 eis
1311 2333 1403 2410 solvi,
1427 2355 1500 2398 cum

453 2455 571 2518 pompa
592 2439 626 2498 et
648 2435 815 2518 splendore
837 2435 1023 2498 humationi
1044 2439 1079 2498 et
1101 2435 1274 2518 sepulturae
1295 2435 1391 2498 tradi

284 2543 396 2610 Henry's
498 2535 602 2600 Tanta
633 2535 697 2600 fuit
731 2535 816 2620 regis
850 2537 1076 2620 temperantia,
1110 2555 1192 2612 cum,
1215 2539 1290 2620 post
1323 2537 1502 2600 adventum

283 2609 439 2744 ffiffiffssn
452 2637 530 2722 ejus,
570 2637 655 2702 cives
702 2635 921 2702 Londinenses
966 2637 1060 2702 ludos
1105 2640 1140 2700 et
1186 2637 1368 2722 spectacula
1411 2637 1505 2702 uaria

450 2739 660 2802 instituerent
691 2743 790 2822 atque
828 2739 898 2822 ejus
934 2739 1085 2804 felicitati
1123 2739 1434 2824 congratularentur,
1465 2743 1505 2802 ut

450 2841 493 2902 ab
531 2839 595 2902 illis
632 2839 766 2924 ineptiis
804 2841 913 2904 oculos
950 2843 1121 2914 averteret,
1161 2843 1261 2922 atque
1304 2839 1340 2902 in
1379 2839 1505 2924 copiosa

450 2939 620 3004 hominum
666 2941 878 3004 multitudine
923 2963 1045 3026 magna
1081 2961 1161 3004 voce
1200 2939 1328 3016 diceret,
1370 2939 1505 3004 “Deum

452 3041 613 3124 optimum
646 3041 835 3118 maximum,
861 3041 1045 3128 Anglorum
1076 3041 1253 3122 commodis
1275 3041 1503 3116 consulentem,
1608 3124 1610 3129 Ι

451 3141 562 3206 hostes
583 3143 739 3226 regnique
760 3143 910 3206 inimicos
933 3141 1128 3226 subegisse?
1608 3136 1610 3143 ’

499 3241 635 3310 Hemici
657 3241 796 3306 victoria
812 3241 979 3306 Gallorum
998 3241 1138 3326 principi
1151 3242 1308 3326 regnique
1322 3241 1507 3327 proceribus
1608 3326 1610 3329 Ι

453 3341 596 3406 dolorem
635 3347 669 3404 et
705 3341 929 3406 incredibilem
966 3343 1070 3406 animi
1110 3343 1339 3428 aegritudinem
1385 3343 1505 3407 attulit.
1608 3340 1610 3377 ³

455 3443 643 3518 Constituto
674 3443 846 3528 republica,
876 3465 948 3526 quae
978 3443 1147 3506 Gallorum
1172 3449 1278 3508 morte
1301 3444 1409 3508 deleta
1434 3443 1506 3520 fine,

453 3545 601 3630 princeps
625 3543 740 3608 Galliae
763 3545 916 3610 comitem
930 3545 1129 3609 Arecomicae
1151 3545 1340 3630 praefectum
1355 3545 1508 3630 praetorio

286 3653 434 3704 Theseum.
454 3647 523 3710 sive
563 3645 824 3710 Gonnestabilem
863 3645 957 3722 dixit,
996 3647 1145 3730 belloque
1189 3647 1340 3731 praefecit
1402 3647 1438 3710 Is
1474 3667 1508 3710 se

285 3721 441 3836 ffiffiffie
453 3749 712 3812 inimicissimum
743 3749 863 3812 nostris
894 3747 1056 3814 militibus
1079 3752 1113 3811 ct
1146 3769 1350 3812 communem
1380 3748 1509 3816 hostem
1608 3802 1610 3825 ,

285 3849 427 3906 Contrane.
453 3869 580 3934 semper
602 3849 745 3934 praebuit
755 3873 763 3928 3
788 3849 957 3914 dominum
972 3849 1137 3914 loannem
1159 3847 1200 3912 de
1216 3849 1340 3932 Gorsey
1359 3849 1407 3912 eis
1428 3871 1511 3934 prae-

452 3951 563 4034 posuit
594 3951 651 4036 qui
674 3951 847 4035 catapultis
873 3951 910 4014 in
931 3951 1019 4014 bello
1049 3953 1228 4016 uterentur.
1273 3949 1417 4014 Thomas
1443 3935 1532 4012 dur¹

453 4051 640 4126 Excestriae,
657 4049 844 4114 Juliobonae
860 4073 918 4114 seu
933 4049 1074 4114 Harfleu
1088 4051 1290 4136 praepositus,
1306 4049 1343 4112 in
1364 4049 1512 4136 regiones

453 4149 666 4214 Normandiae
682 4151 888 4214 excursiones
908 4150 1009 4228 fecit3
1031 4151 1120 4214 hunc
1137 4151 1328 4236 aggreditur
1340 4151 1513 4236 praefectus

284 4283 429 4334 Tthuke
452 4251 607 4334 praetorio
633 4271 740 4314 comes
763 4249 969 4316 Arecomicae.
1026 4249 1113 4315 Gom
1146 4253 1260 4334 iniquo
1281 4253 1351 4316 loco
1375 4253 1434 4314 diu
1458 4273 1515 4316 an·

282 4349 440 4468 ffleffis
453 4351 546 4436 cipiti
568 4351 681 4436 praelio
705 4355 788 4416 esset
819 4356 1011 4436 pugnatum,
1035 4355 1148 4414 nostra
1181 4351 1266 4416 acies
1287 4353 1406 4436 pedem
1426 4357 1516 4416 retu·
1605 4376 1607 4379 ·

164 4529 165 4532 ¹
281 4485 325 4534 ὼε
337 4433 440 4536 0οηῃό
452 4451 493 4516 lit
516 4457 550 4516 et
574 4451 766 4532 inclinavit3
790 4453 847 4518 sed
879 4457 1055 4538 postquam
1086 4473 1121 4515 se
1155 4451 1192 4514 in
1220 4453 1381 4516 tutiorem
1409 4455 1515 4518 locum
1605 4538 1607 4541 Ι

282 4553 314 4600 of
323 4553 430 4616 Armcg-
453 4555 574 4620 milites
607 4553 812 4640 recepissent,
848 4577 915 4618 non
948 4553 1118 4618 inferiores
1151 4553 1301 4617 hostibus
1333 4553 1401 4616 suis
1426 4553 1517 4618 vide-

283 4633 339 4670 nac.
453 4655 582 4724 bantur.
610 4655 730 4720 Multi
752 4655 788 4720 in
819 4661 959 4741 utroque
990 4655 1139 4742 exercitu
1160 4655 1236 4718 caesi
1266 4655 1517 4734 1111111111-
1582 4639 1585 4645 ¹
