3400 5709
720 829 881 886 enuraou
901 830 903 833 ·
1277 804 1341 878 mi?

285 1073 503 1160 Adoptotioo
519 1073 557 1160 of
568 1073 618 1142 tho
633 1073 683 1140 ra
700 1075 809 1142 DEUM
832 1079 864 1142 to
881 1073 933 1140 the
951 1073 1068 1160 proteo
1079 1071 1119 1158 of
1128 1073 1179 1138 the
1200 1073 1330 1160 Virpin

331 1175 441 1262 Mam.
461 1209 462 1212 ¹
480 1175 584 1244 From
607 1197 658 1244 uu
680 1175 819 1244 amitat
838 1175 912 1243 MS.
929 1173 1095 1262 jormertp
1109 1173 1284 1260 belamiam
1299 1183 1332 1242 to

332 1277 384 1344 tha
412 1275 524 1364 Abay
554 1275 593 1364 of
620 1277 668 1346 St.
693 1277 796 1362 Μαίνῃ
820 1283 857 1342 ot
886 1275 1125 1362 Gioetonhurp
1155 1275 1229 1341 ond
1258 1299 1335 1343 now

278 1381 279 1384 ’
332 1379 377 1446 ta
397 1375 450 1448 ta
468 1377 659 1466 possession
681 1377 720 1466 of
738 1379 791 1446 the
812 1375 975 1466 Morqats
996 1376 1035 1466 os
1052 1375 1252 1465 Apertam.

519 1511 524 1520 ’
600 1529 662 1596 [See
672 1545 711 1594 pp.
723 1529 777 1592 lvii,
789 1527 852 1590 lviii,
864 1531 915 1580 aad
925 1545 950 1594 p.
964 1529 1034 1597 lta]
1048 1531 1062 1538 “

351 1661 352 1664 ’
382 1657 429 1724 Te
452 1659 593 1724 Matrem
615 1659 799 1736 laudamus
824 1661 860 1724 te
882 1659 1065 1724 Dominam⁴
1083 1661 1282 1730 eonfitemur.

385 1751 572 1826 Te'aete'rni
594 1759 712 1838 Patris,
737 1759 834 1826 stella
856 1761 966 1838 maris,
982 1763 1134 1847 splendor
1155 1763 1329 1826 illuminat

387 1859 464 1926 Tibi
487 1883 598 1926 omnes
614 1859 743 1946 Angeli,
758 1859 823 1928 tibi
841 1859 916 1926 coeli
932 1865 967 1926 et
980 1863 1144 1928 universae
1158 1867 1350 1948 potestatem

383 1961 458 2027 'l'ibi
482 1961 661 2030 Cherubim
694 1967 728 2030 et
755 1961 929 2048 Seraphim
962 1961 1080 2026 humili
1114 1985 1193 2030 voee
1225 1965 1351 2050 procla·

432 2069 535 2144 mant,

385 2167 467 2246 Ave,
492 2189 562 2244 ave,
586 2189 656 2248 ave,
681 2163 833 2242 Domina,
859 2163 963 2251 Virgo
986 2165 1101 2230 Maria
1136 2250 1139 2256 Ι

385 2267 479 2334 Pleni
502 2273 581 2334 sunt
603 2269 676 2334 eoeli
699 2273 734 2334 et
756 2273 846 2332 terra
868 2267 1050 2352 majestatis
1072 2267 1152 2332 Filii
1172 2267 1231 2334 tui.

385 2371 430 2434 Te
451 2371 627 2456 gloriosam
650 2369 800 2456 Apostoli
824 2369 1014 2454 proedioant

385 2471 430 2534 're
452 2471 630 2556 gratiosam
654 2471 826 2558 Prophetae
849 2471 1075 2554 pronuntiant

384 2571 430 2636 're
454 2573 628 2658 pretiosam
652 2573 818 2656 Martyres
840 2571 977 2636 floribus
999 2571 1212 2636 circumdant.

385 2671 431 2738 Te
453 2693 512 2756 per
534 2675 644 2738 orbem
667 2679 829 2738 terrarum
853 2671 978 2736 Sancto
1000 2670 1175 2736 confitetur
1196 2671 1347 2748 Eoelesia,

388 2773 530 2840 Matrem
554 2773 722 2840 immensae
745 2771 936 2858 majestatie,

387 2873 614 2940 Venerandam
640 2873 702 2938 Dei
726 2897 888 2960 sponsam,
913 2875 1090 2960 maritique
1112 2873 1263 2956 nesciam,

384 2975 539 3040 Sanctam
562 2997 703 3062 quoque,
726 2977 828 3042 solam
853 2976 1025 3062 gravidam
1048 2975 1182 3061 Spiritu.

388 3077 440 3142 Tu
463 3077 590 3164 Regina
611 3099 645 3142 es
668 3077 750 3144 coeli.
840 3085 841 3088 ’

387 3179 437 3244 Tu
461 3177 605 3244 Domina
625 3201 662 3244 es
685 3179 788 3246 totius
812 3179 936 3244 mundi

385 3281 435 3344 Tu
457 3281 500 3344 ad
523 3281 728 3344 liberandum
744 3281 910 3344 hominem
925 3279 1092 3366 perditum
1107 3301 1202 3344 earne
1216 3279 1349 3344 vestisti

430 3383 626 3446 altissimum
650 3381 781 3448 Filium.

385 3483 436 3548 Tu
466 3483 627 3548 vincendo
652 3481 768 3548 mortis
799 3481 948 3548 oculeum
974 3481 1140 3566 pertulisti
1170 3481 1348 3546 clarissimo

426 3583 532 3650 vitam
546 3605 596 3670 ex
619 3587 722 3650 utero.

386 3685 436 3750 'Pu
460 3685 503 3750 ad
529 3685 680 3752 dextram
706 3683 791 3750 Nati
814 3685 906 3748 sedes
933 3685 1097 3770 dignitate
1122 3683 1247 3762 Mattio,

253 3805 254 3810 ’
385 3785 409 3850 J
411 3785 500 3852 udex
527 3787 583 3872 qui
609 3785 754 3852 ereditur
777 3805 845 3850 esse
870 3791 1038 3850 venturus.

324 3963 325 3966 Ἴ
385 3887 429 3952 Te
457 3909 533 3974 ergo
557 3909 754 3974 quaesumuS‚
781 3885 848 3952 tuis
874 3887 1007 3950 famulis
1033 3887 1180 3967 subveni,
1206 3887 1349 3972 pretioso

427 3989 479 4056 tui
502 3991 627 4056 ventris
649 3989 796 4076 germine
818 3989 1004 4076 redemptis.

382 4091 521 4158 AEterna
544 4091 593 4156 fae
619 4115 693 4156 oum
709 4091 839 4158 Sanctis
864 4091 933 4156 tuis
955 4091 1060 4178 gloria
1081 4091 1255 4156 numerant

382 4193 518 4258 Salvum
541 4193 593 4258 fao
615 4193 771 4280 populum
794 4197 900 4269 tuum,
919 4193 1069 4268 Domina,
1085 4215 1144 4280 per
1166 4203 1200 4258 te
1221 4193 1345 4260 factum

424 4295 587 4360 haeredem
610 4295 651 4360 de
674 4287 754 4360 vita.
865 4355 868 4358 ,

381 4393 425 4462 Et
451 4417 529 4482 rege
554 4415 617 4476 eos,
645 4399 680 4460 et
703 4395 824 4460 extolle
847 4415 903 4460 eos
925 4396 1086 4482 usquein
1108 4400 1276 4460 aeternum

379 4493 446 4562 Per
468 4497 614 4582 singulos
641 4497 710 4562 dies
733 4495 957 4562 benedicimus
984 4502 1027 4578 te,

381 4597 426 4664 Et
450 4597 622 4664 laudamus
645 4617 765 4664 nomen
788 4601 898 4664 tecum
921 4597 1096 4676 ditissimi,
1126 4599 1182 4684 qui
1212 4603 1245 4664 te
1267 4599 1346 4664 serit

426 4697 630 4766 altissimam.
