3400 5709
599 879 600 884 ’
667 899 811 954 sasaim
834 893 889 952 vfl.
1254 892 1295 955 39

259 1087 346 1164 spem
383 1073 494 1160 salutis
531 1095 598 1138 sues
614 1157 615 1162 ἵ
629 1071 788 1166 Hemicus
825 1071 983 1156 posuisset
995 1097 1004 1151 ;
1035 1095 1099 1158 quo
1137 1073 1297 1136 dolentius
1309 1083 1373 1133 Am.
1388 1087 1459 1135 1415.

259 1179 343 1256 tulit,
368 1183 421 1242 eos
444 1173 594 1262 praemiis
611 1175 770 1262 corrumpi
796 1177 855 1238 aut
876 1195 1048 1238 munerum
1071 1175 1295 1261 magnitudine

260 1277 373 1352 adduci
399 1281 483 1362 'quse
514 1275 628 1340 Galliae
664 1277 811 1364 princeps
847 1277 1046 1362 promiserat,
1076 1281 1116 1340 ut
1152 1277 1192 1340 de
1227 1277 1295 1360 ejus
1400 1286 1403 1291 '

259 1383 361 1446 morte
387 1379 571 1466 cogitarent.
618 1379 774 1444 Ricardus
805 1377 1025 1466 Cantabrigiae
1053 1399 1166 1454 comes,
1196 1377 1298 1442 frater

168 1489 169 1492 ’
259 1481 347 1546 ducis
376 1469 592 1558 Eboracensis,
626 1481 774 1544 dominus
804 1481 975 1545 Hemicus.
995 1479 1132 1568 Scropus
1168 1480 1299 1544 Masha-

258 1583 346 1658 miae,
363 1583 477 1656 aerarii¹
498 1587 646 1668 quaestor,
673 1587 707 1646 et
736 1603 881 1647 summus
903 1582 1133 1648 Thesaurarius
1158 1583 1298 1646 Thomas

260 1683 365 1768 Graye
390 1683 490 1760 miles,
514 1685 608 1748 novis
637 1683 731 1748 rebus
746 1709 747 1714 ¹
762 1685 923 1750 studuisse
952 1685 1143 1768 dicebantur
1165 1690 1199 1748 et
1224 1707 1299 1750 con-

258 1785 364 1850 silium
387 1785 514 1870 cepisse,
538 1791 577 1850 ut
600 1783 778 1850 Henricum
802 1789 950 1850 nostrum
978 1791 1037 1850 aut
1058 1787 1174 1850 vivum
1197 1787 1298 1850 Gallis

258 1887 403 1952 sinotum
421 1887 595 1964 traderent,
615 1887 681 1966 aut,
707 1891 883 1970 antequam
909 1909 927 1952 e
949 1887 1068 1951 finibus
1091 1887 1208 1971 patriae
1231 1911 1299 1952 suae

258 1989 369 2066 exiret,
394 1987 532 2052 eundem
554 1989 617 2072 ipsi
641 1987 866 2052 interficerent
912 1987 1010 2052 Nova
1035 1989 1100 2051 ista
1129 1994 1164 2052 et
1188 2009 1300 2072 repen-

257 2089 328 2152 tina
357 2089 443 2152 mala
471 2089 610 2176 principi
639 2095 749 2154 nostro
779 2111 838 2156 nec
869 2094 993 2154 metum
1021 2089 1224 2174 injecerunt,
1241 2111 1300 2154 neo

128 2249 129 2252 ,
256 2193 431 2276 potueruut
463 2189 593 2268 efficere,
624 2195 664 2256 ut
699 2191 727 2254 is
765 2189 903 2254 infracto
940 2189 1056 2266 animo,
1086 2189 1210 2267 humili,
1242 2195 1301 2254 aut

257 2291 393 2354 demisso
408 2289 517 2372 'esset3
545 2291 609 2378 qui,
637 2291 820 2356 convocatis
845 2291 1016 2370 nobilibus,
1042 2291 1079 2354 in
1102 2313 1212 2356 eorum
1237 2291 1301 2355 fre-

256 2393 388 2480 quentia
410 2417 446 2458 ac
468 2399 631 2460 conventu
654 2395 698 2460 sic
719 2395 846 2458 locutus
868 2399 965 2458 est—

301 2501 318 2528 “
333 2493 439 2574 Quam
465 2495 664 2560 detestabilis
687 2495 731 2560 sit
756 2517 867 2560 eorum
889 2495 1078 2559 immanitas
1101 2497 1159 2580 qui
1184 2495 1301 2560 scelere
1312 2507 1465 2574 TheKing’s

254 2597 391 2684 patriam
422 2617 513 2660 suam
544 2597 720 2660 dilacerant
750 2601 784 2658 et
814 2617 886 2660 eam
913 2595 1018 2660 delere
1044 2596 1187 2680 cupiunt,
1213 2575 1408 2702 00111·ἓῶ

255 2697 361 2762 mmsis
380 2701 505 2762 naturae
526 2717 645 2774 sensus,
667 2697 694 2762 si
714 2697 805 2760 nulla
819 2697 983 2760 rationum
1002 2701 1169 2760 momenta
1184 2704 1298 2776 esseut,
1311 2714 1418 2756 treason.

253 2821 319 2864 nou
338 2799 470 2864 obscure
491 2799 695 2864 demonstret.
743 2795 827 2862 (lum
851 2797 960 2860 omnia
978 2797 1106 2861 ratione
1128 2797 1300 2882 animoque

252 2899 445 2976 lustraveris,
470 2899 552 2962 nihil
573 2899 680 2984 patria
703 2885 828 2964 dulcius
849 2897 1003 2962 invenies.
1050 2897 1187 2984 Ulysses
1209 2897 1301 2962 itha

252 3023 321 3066 cam
359 3023 457 3076 suam,
490 3001 526 3062 in
566 2999 750 3086 asperrimis
792 2999 916 3064 saxulis
954 3005 1112 3084 tanquam
1149 2999 1299 3063 nidulum

224 3091 226 3096 ¹
251 3101 388 3180 affixam,
420 3101 661 3166 immortalitati
690 3101 883 3188 anteposuit
929 3101 993 3166 Pro
1022 3101 1132 3186 patria
1160 3105 1300 3164 mortem

251 3209 400 3290 oppetere
414 3203 598 3290 gloriosum,
615 3225 688 3268 cum
713 3225 751 3268 ea
774 3203 948 3268 charitates
970 3203 1116 3268 omnium
1131 3203 1300 3288 complexa

250 3307 299 3372 sit.
325 3377 326 3380 Ἴ
360 3305 595 3370 Consecrantur
635 3327 718 3392 pene
755 3305 797 3368 ad
827 3305 1116 3384 immortalitatem,
1149 3305 1205 3390 qui
1239 3327 1299 3392 pro

250 3393 474 3474 eonservansa
507 3407 691 3470 hominibus
721 3407 882 3470 maximos
915 3407 1041 3470 atores
1071 3407 1299 3490 molestiasque

250 3511 462 3596 smceperunt.
508 3507 659 3586 Oodrumr,
684 3509 878 3586 Fabricium,
907 3513 941 3572 et
966 3509 1047 3572 alios
1072 3509 1220 3572 infinitos
1240 3529 1299 3572 no

248 3611 362 3676 bilium
385 3615 498 3698 greges
526 3611 696 3694 hominum
721 3611 817 3688 fama,
849 3609 1079 3674 beneficiorum
1107 3631 1238 3686 memor,
1263 3610 1300 3672 in

249 3713 379 3778 concilio
398 3711 577 3776 coelestium
599 3713 773 3776 collocavit.
820 3711 998 3796 Nunquam
1016 3711 1057 3774 de
1077 3731 1188 3774 eorum
1202 3711 1299 3774 laude

249 3821 283 3880 et
311 3813 397 3878 fama
430 3813 554 3896 aliquid
589 3813 775 3898 aseepimus,
808 3813 866 3898 qui
899 3811 1017 3876 hostile
1052 3813 1226 3896 quicquam
1262 3811 1300 3875 in

249 3915 388 4000 patriam
410 3915 651 3980 committerent
673 3919 732 3978 aut
754 3935 864 4000 regem
879 3912 1019 3978 inimicis
1035 3913 1101 3976 suis
1116 3913 1298 3998 proderent.

249 4015 353 4082 Nemo
368 4037 511 4102 unquam
534 4015 598 4082 fuit
625 4037 664 4082 ea
686 4015 893 4082 immanitate
918 4019 1054 4094 naturae,
1070 4020 1110 4078 ut
1134 4013 1203 4100 ejus
1218 4015 1299 4082 vitae

247 4117 379 4184 insidias
393 4117 513 4184 faceret
528 4141 549 4182 a
564 4141 628 4204 quo
641 4119 766 4184 nullam
780 4117 934 4204 injmiam
949 4119 1131 4204 accepisset.
1176 4117 1299 4184 Amore

247 4219 402 4306 singulari
425 4241 484 4286 vos
508 4241 619 4292 omues
642 4221 844 4306 complector,
870 4225 905 4285 et
928 4241 971 4286 ex
993 4221 1049 4284 illo
1073 4221 1164 4286 fonte
1186 4241 1299 4286 omnes

247 4321 312 4396 mei
337 4320 462 4386 dolores
488 4321 697 4392 redundant„
726 4321 949 4406 Reperiuntur
974 4321 1108 4406 quidam
1134 4343 1153 4386 e
1178 4322 1299 4386 nostris

193 4465 194 4468 κ
246 4417 438 4500 hominibus,
463 4423 577 4486 status
600 4427 634 4486 et
663 4421 859 4486 conditionis
887 4445 970 4509 suse⁸
984 4445 1101 4508 parum
1130 4443 1297 4499 memores,

204 4597 206 4602 ι
246 4523 388 4586 externis
418 4523 456 4586 ac
486 4523 626 4586 inimicis
659 4519 813 4608 prodesse
842 4523 949 4610 magis
985 4543 1084 4607 quam
1113 4523 1301 4587 domesticis

193 4619 195 4622 ’
248 4625 282 4686 et
312 4621 377 4688 suis
405 4623 586 4688 utilitatem
615 4625 759 4710 aliquam
789 4623 905 4700 afferre
930 4623 1105 4708 cupientes.
1154 4623 1251 4702 Quod
1278 4645 1301 4688 a

158 4757 159 4760 =
247 4721 327 4788 meis
356 4725 508 4814 moribus,
533 4725 625 4810 cujus
648 4747 687 4790 ea
716 4721 801 4790 ratio
828 4745 955 4808 semper
979 4723 1045 4788 fuit
1069 4729 1109 4788 ut
1134 4723 1300 4788 lubentius
