<?xml version="1.0" encoding="UTF-8"?>
<!DOCTYPE html PUBLIC "-//W3C//DTD XHTML 1.0 Transitional//EN"
    "http://www.w3.org/TR/xhtml1/DTD/xhtml1-transitional.dtd">
<html xmlns="http://www.w3.org/1999/xhtml" xml:lang="en" lang="en">
 <head>
  <title>
</title>
<meta http-equiv="Content-Type" content="text/html;charset=utf-8" />
  <meta name='ocr-system' content='tesseract 3.04.00' />
  <meta name='ocr-capabilities' content='ocr_page ocr_carea ocr_par ocr_line ocrx_word'/>
</head>
<body>
  <div class='ocr_page' id='page_1' title='image "./henriciquintiil00redmgoog_0126.png"; bbox 0 0 3400 5709; ppageno 0'>
   <div class='ocr_carea' id='block_1_1' title="bbox 453 855 1160 924">
    <p class='ocr_par' dir='ltr' id='par_1_1' title="bbox 453 855 1160 924">
     <span class='ocr_line' id='line_1_1' title="bbox 453 855 1160 924; baseline -0.006 0"><span class='ocrx_word' id='word_1_1' title='bbox 453 855 504 924; x_wconf 73' lang='lat' dir='ltr'>m</span> <span class='ocrx_word' id='word_1_2' title='bbox 795 859 1160 922; x_wconf 80' lang='grc'><strong>1111111111111111111</strong></span> 
     </span>
    </p>
   </div>
   <div class='ocr_carea' id='block_1_2' title="bbox 289 1045 1522 4720">
    <p class='ocr_par' dir='ltr' id='par_1_2' title="bbox 289 1045 1522 4690">
     <span class='ocr_line' id='line_1_2' title="bbox 289 1045 1490 1136; baseline 0.003 -24.027"><span class='ocrx_word' id='word_1_3' title='bbox 289 1059 364 1112; x_wconf 87' lang='lat' dir='ltr'>Au</span> <span class='ocrx_word' id='word_1_4' title='bbox 378 1065 561 1132; x_wconf 69' lang='lat' dir='ltr'>illaquam</span> <span class='ocrx_word' id='word_1_5' title='bbox 588 1047 697 1112; x_wconf 77' lang='lat' dir='ltr'>diuina</span> <span class='ocrx_word' id='word_1_6' title='bbox 726 1045 826 1112; x_wconf 89' lang='lat' dir='ltr'>animi</span> <span class='ocrx_word' id='word_1_7' title='bbox 850 1047 1037 1114; x_wconf 75' lang='lat' dir='ltr'>moderatio</span> <span class='ocrx_word' id='word_1_8' title='bbox 1053 1045 1177 1114; x_wconf 84' lang='lat' dir='ltr'>inesset</span> <span class='ocrx_word' id='word_1_9' title='bbox 1219 1045 1387 1115; x_wconf 71' lang='grc'><strong>1611111111</strong></span> <span class='ocrx_word' id='word_1_10' title='bbox 1410 1071 1490 1136; x_wconf 85' lang='lat' dir='ltr'>prae·</span> 
     </span>
     <span class='ocr_line' id='line_1_3' title="bbox 297 1145 1489 1268; baseline 0 -54"><span class='ocrx_word' id='word_1_11' title='bbox 297 1145 429 1262; x_wconf 48' lang='lat' dir='ltr'>{animans</span> <span class='ocrx_word' id='word_1_12' title='bbox 455 1151 556 1228; x_wconf 87' lang='lat' dir='ltr'>misit,</span> <span class='ocrx_word' id='word_1_13' title='bbox 582 1151 637 1237; x_wconf 86' lang='lat' dir='ltr'>qui</span> <span class='ocrx_word' id='word_1_14' title='bbox 660 1173 680 1218; x_wconf 96' lang='grc'>1</span> <span class='ocrx_word' id='word_1_15' title='bbox 702 1151 802 1218; x_wconf 82' lang='lat' dir='ltr'>Gallis</span> <span class='ocrx_word' id='word_1_16' title='bbox 824 1157 1010 1238; x_wconf 83' lang='lat' dir='ltr'>peteretne</span> <span class='ocrx_word' id='word_1_17' title='bbox 1035 1151 1078 1214; x_wconf 92' lang='lat' dir='ltr'>ad</span> <span class='ocrx_word' id='word_1_18' title='bbox 1099 1151 1295 1216; x_wconf 82' lang='lat' dir='ltr'>obsidionem</span> <span class='ocrx_word' id='word_1_19' title='bbox 1317 1151 1489 1268; x_wconf 74' lang='lat' dir='ltr'>Rotomagi</span> 
     </span>
     <span class='ocr_line' id='line_1_4' title="bbox 297 1253 1489 1340; baseline -0.01 -8"><span class='ocrx_word' id='word_1_20' title='bbox 297 1281 393 1334; x_wconf 80' lang='lat' dir='ltr'>render.</span> <span class='ocrx_word' id='word_1_21' title='bbox 455 1277 535 1320; x_wconf 88' lang='lat' dir='ltr'>eum</span> <span class='ocrx_word' id='word_1_22' title='bbox 557 1253 777 1340; x_wconf 82' lang='lat' dir='ltr'>impellerent,</span> <span class='ocrx_word' id='word_1_23' title='bbox 804 1275 901 1340; x_wconf 88' lang='lat' dir='ltr'>quam</span> <span class='ocrx_word' id='word_1_24' title='bbox 926 1253 1070 1320; x_wconf 74' lang='lat' dir='ltr'>celeriter</span> <span class='ocrx_word' id='word_1_25' title='bbox 1094 1253 1236 1318; x_wconf 84' lang='lat' dir='ltr'>facturus</span> <span class='ocrx_word' id='word_1_26' title='bbox 1258 1257 1347 1330; x_wconf 86' lang='lat' dir='ltr'>esset,</span> <span class='ocrx_word' id='word_1_27' title='bbox 1371 1253 1400 1316; x_wconf 93' lang='lat' dir='ltr'>si</span> <span class='ocrx_word' id='word_1_28' title='bbox 1422 1253 1489 1340; x_wconf 87' lang='lat' dir='ltr'>ejus</span> 
     </span>
     <span class='ocr_line' id='line_1_5' title="bbox 460 1355 1489 1470; baseline 0 -50"><span class='ocrx_word' id='word_1_29' title='bbox 460 1356 622 1420; x_wconf 87' lang='lat' dir='ltr'>voluntati</span> <span class='ocrx_word' id='word_1_30' title='bbox 650 1355 835 1422; x_wconf 78' lang='lat' dir='ltr'>resisterent</span> <span class='ocrx_word' id='word_1_31' title='bbox 867 1360 926 1418; x_wconf 90' lang='lat' dir='ltr'>aut</span> <span class='ocrx_word' id='word_1_32' title='bbox 954 1355 1088 1420; x_wconf 86' lang='lat' dir='ltr'>honesta</span> <span class='ocrx_word' id='word_1_33' title='bbox 1116 1357 1240 1470; x_wconf 88' lang='lat' dir='ltr'>petenti</span> <span class='ocrx_word' id='word_1_34' title='bbox 1267 1361 1489 1442; x_wconf 82' lang='lat' dir='ltr'>repugnarent</span> 
     </span>
     <span class='ocr_line' id='line_1_6' title="bbox 462 1457 1491 1542; baseline 0 -22"><span class='ocrx_word' id='word_1_35' title='bbox 462 1459 602 1522; x_wconf 85' lang='lat' dir='ltr'>Tantum</span> <span class='ocrx_word' id='word_1_36' title='bbox 631 1457 736 1520; x_wconf 88' lang='lat' dir='ltr'>abfuit</span> <span class='ocrx_word' id='word_1_37' title='bbox 757 1461 796 1520; x_wconf 88' lang='lat' dir='ltr'>ut</span> <span class='ocrx_word' id='word_1_38' title='bbox 822 1457 942 1520; x_wconf 86' lang='lat' dir='ltr'>desua</span> <span class='ocrx_word' id='word_1_39' title='bbox 967 1457 1041 1540; x_wconf 85' lang='lat' dir='ltr'>jure</span> <span class='ocrx_word' id='word_1_40' title='bbox 1065 1457 1150 1542; x_wconf 84' lang='lat' dir='ltr'>regis</span> <span class='ocrx_word' id='word_1_41' title='bbox 1174 1457 1298 1524; x_wconf 88' lang='lat' dir='ltr'>inimici</span> <span class='ocrx_word' id='word_1_42' title='bbox 1322 1457 1491 1542; x_wconf 88' lang='lat' dir='ltr'>quicquam</span> 
     </span>
     <span class='ocr_line' id='line_1_7' title="bbox 447 1557 1494 1644; baseline 0 -22"><span class='ocrx_word' id='word_1_43' title='bbox 447 1559 492 1638; x_wconf 88' lang='lat' dir='ltr'>ei</span> <span class='ocrx_word' id='word_1_44' title='bbox 514 1557 727 1634; x_wconf 79' lang='lat' dir='ltr'>concederent,</span> <span class='ocrx_word' id='word_1_45' title='bbox 758 1561 796 1622; x_wconf 86' lang='lat' dir='ltr'>ut</span> <span class='ocrx_word' id='word_1_46' title='bbox 822 1561 969 1621; x_wconf 78' lang='lat' dir='ltr'>extrema</span> <span class='ocrx_word' id='word_1_47' title='bbox 993 1578 1128 1644; x_wconf 87' lang='lat' dir='ltr'>quaeque</span> <span class='ocrx_word' id='word_1_48' title='bbox 1156 1559 1244 1644; x_wconf 86' lang='lat' dir='ltr'>prius</span> <span class='ocrx_word' id='word_1_49' title='bbox 1273 1559 1412 1644; x_wconf 85' lang='lat' dir='ltr'>experiri</span> <span class='ocrx_word' id='word_1_50' title='bbox 1441 1559 1494 1622; x_wconf 87' lang='lat' dir='ltr'>de·</span> 
     </span>
     <span class='ocr_line' id='line_1_8' title="bbox 462 1658 1494 1746; baseline -0.004 -18"><span class='ocrx_word' id='word_1_51' title='bbox 462 1659 634 1728; x_wconf 85' lang='lat' dir='ltr'>crevissent</span> <span class='ocrx_word' id='word_1_52' title='bbox 655 1661 751 1744; x_wconf 83' lang='lat' dir='ltr'>quam</span> <span class='ocrx_word' id='word_1_53' title='bbox 779 1661 913 1746; x_wconf 79' lang='lat' dir='ltr'>externo</span> <span class='ocrx_word' id='word_1_54' title='bbox 938 1658 1076 1744; x_wconf 83' lang='lat' dir='ltr'>principi</span> <span class='ocrx_word' id='word_1_55' title='bbox 1096 1659 1246 1737; x_wconf 77' lang='lat' dir='ltr'>subesse,¹</span> <span class='ocrx_word' id='word_1_56' title='bbox 1263 1659 1331 1743; x_wconf 82' lang='lat' dir='ltr'>ejus</span> <span class='ocrx_word' id='word_1_57' title='bbox 1359 1660 1494 1746; x_wconf 90' lang='lat' dir='ltr'>imperio</span> 
     </span>
     <span class='ocr_line' id='line_1_9' title="bbox 462 1757 1494 1848; baseline 0 -22"><span class='ocrx_word' id='word_1_58' title='bbox 462 1761 549 1826; x_wconf 87' lang='lat' dir='ltr'>flecti</span> <span class='ocrx_word' id='word_1_59' title='bbox 579 1763 612 1826; x_wconf 88' lang='lat' dir='ltr'>et</span> <span class='ocrx_word' id='word_1_60' title='bbox 641 1761 821 1848; x_wconf 87' lang='lat' dir='ltr'>gubernari.</span> <span class='ocrx_word' id='word_1_61' title='bbox 882 1757 989 1826; x_wconf 88' lang='lat' dir='ltr'>Multa</span> <span class='ocrx_word' id='word_1_62' title='bbox 1017 1759 1115 1846; x_wconf 89' lang='lat' dir='ltr'>impie</span> <span class='ocrx_word' id='word_1_63' title='bbox 1145 1765 1178 1826; x_wconf 88' lang='lat' dir='ltr'>et</span> <span class='ocrx_word' id='word_1_64' title='bbox 1207 1761 1377 1826; x_wconf 88' lang='lat' dir='ltr'>crudeliter</span> <span class='ocrx_word' id='word_1_65' title='bbox 1401 1761 1494 1838; x_wconf 83' lang='lat' dir='ltr'>Galli,</span> 
     </span>
     <span class='ocr_line' id='line_1_10' title="bbox 461 1862 1497 1952; baseline 0 -24"><span class='ocrx_word' id='word_1_66' title='bbox 461 1887 527 1928; x_wconf 90' lang='lat' dir='ltr'>non</span> <span class='ocrx_word' id='word_1_67' title='bbox 554 1865 589 1928; x_wconf 91' lang='lat' dir='ltr'>in</span> <span class='ocrx_word' id='word_1_68' title='bbox 614 1863 737 1952; x_wconf 86' lang='lat' dir='ltr'>Anglos</span> <span class='ocrx_word' id='word_1_69' title='bbox 762 1867 893 1930; x_wconf 85' lang='lat' dir='ltr'>tantum</span> <span class='ocrx_word' id='word_1_70' title='bbox 921 1864 979 1928; x_wconf 91' lang='lat' dir='ltr'>sed</span> <span class='ocrx_word' id='word_1_71' title='bbox 1009 1863 1046 1928; x_wconf 90' lang='lat' dir='ltr'>in</span> <span class='ocrx_word' id='word_1_72' title='bbox 1074 1883 1229 1950; x_wconf 78' lang='lat' dir='ltr'>pauperes</span> <span class='ocrx_word' id='word_1_73' title='bbox 1259 1863 1316 1948; x_wconf 89' lang='lat' dir='ltr'>qui</span> <span class='ocrx_word' id='word_1_74' title='bbox 1343 1862 1433 1928; x_wconf 91' lang='lat' dir='ltr'>intus</span> <span class='ocrx_word' id='word_1_75' title='bbox 1461 1865 1497 1928; x_wconf 92' lang='lat' dir='ltr'>in</span> 
     </span>
     <span class='ocr_line' id='line_1_11' title="bbox 290 1965 1496 2044; baseline 0.002 -16.01"><span class='ocrx_word' id='word_1_76' title='bbox 290 1979 417 2042; x_wconf 72' lang='grc'><strong>11111111-</strong></span> <span class='ocrx_word' id='word_1_77' title='bbox 462 1967 541 2034; x_wconf 87' lang='lat' dir='ltr'>civit</span> <span class='ocrx_word' id='word_1_78' title='bbox 543 1971 595 2032; x_wconf 86' lang='lat' dir='ltr'>ate</span> <span class='ocrx_word' id='word_1_79' title='bbox 632 1973 730 2044; x_wconf 88' lang='lat' dir='ltr'>erant,</span> <span class='ocrx_word' id='word_1_80' title='bbox 765 1967 1001 2032; x_wconf 83' lang='lat' dir='ltr'>commisenrnt.</span> <span class='ocrx_word' id='word_1_81' title='bbox 1065 1965 1203 2030; x_wconf 86' lang='lat' dir='ltr'>Succisae</span> <span class='ocrx_word' id='word_1_82' title='bbox 1242 1965 1378 2042; x_wconf 88' lang='lat' dir='ltr'>arbores,</span> <span class='ocrx_word' id='word_1_83' title='bbox 1412 1967 1496 2030; x_wconf 87' lang='lat' dir='ltr'>vites</span> 
     </span>
     <span class='ocr_line' id='line_1_12' title="bbox 296 2045 1499 2180; baseline 0 -48"><span class='ocrx_word' id='word_1_84' title='bbox 296 2045 436 2180; x_wconf 50' lang='grc' dir='ltr'>ξζξξὲζᾱὼ</span> <span class='ocrx_word' id='word_1_85' title='bbox 436 2063 645 2156; x_wconf 80' lang='lat' dir='ltr'>epraeualidae</span> <span class='ocrx_word' id='word_1_86' title='bbox 668 2059 854 2156; x_wconf 80' lang='lat' dir='ltr'>amputatae,</span> <span class='ocrx_word' id='word_1_87' title='bbox 882 2069 1034 2154; x_wconf 89' lang='lat' dir='ltr'>oppida</span> <span class='ocrx_word' id='word_1_88' title='bbox 1025 2091 1154 2133; x_wconf 87' lang='lat' dir='ltr'>rucensa</span> <span class='ocrx_word' id='word_1_89' title='bbox 1179 2091 1199 2132; x_wconf 92' lang='lat' dir='ltr'>a</span> <span class='ocrx_word' id='word_1_90' title='bbox 1221 2067 1322 2132; x_wconf 77' lang='lat' dir='ltr'>Gallis</span> <span class='ocrx_word' id='word_1_91' title='bbox 1346 2069 1499 2162; x_wconf 80' lang='lat' dir='ltr'>filerunt3</span> 
     </span>
     <span class='ocr_line' id='line_1_13' title="bbox 463 2119 1501 2256; baseline -0.002 -20"><span class='ocrx_word' id='word_1_92' title='bbox 463 2171 574 2236; x_wconf 88' lang='lat' dir='ltr'>omnia</span> <span class='ocrx_word' id='word_1_93' title='bbox 596 2171 741 2256; x_wconf 90' lang='lat' dir='ltr'>denique,</span> <span class='ocrx_word' id='word_1_94' title='bbox 771 2193 843 2256; x_wconf 88' lang='lat' dir='ltr'>quae</span> <span class='ocrx_word' id='word_1_95' title='bbox 876 2171 931 2236; x_wconf 82' lang='lat' dir='ltr'>vel</span> <span class='ocrx_word' id='word_1_96' title='bbox 963 2171 1007 2234; x_wconf 90' lang='lat' dir='ltr'>ad</span> <span class='ocrx_word' id='word_1_97' title='bbox 1038 2171 1283 2234; x_wconf 87' lang='lat' dir='ltr'>oblectationem</span> <span class='ocrx_word' id='word_1_98' title='bbox 1317 2159 1420 2234; x_wconf 88' lang='lat' dir='ltr'>animi</span> <span class='ocrx_word' id='word_1_99' title='bbox 1447 2119 1501 2234; x_wconf 83' lang='lat' dir='ltr'>vel</span> 
     </span>
     <span class='ocr_line' id='line_1_14' title="bbox 462 2269 1502 2356; baseline 0 -20"><span class='ocrx_word' id='word_1_100' title='bbox 462 2273 506 2336; x_wconf 89' lang='lat' dir='ltr'>ad</span> <span class='ocrx_word' id='word_1_101' title='bbox 537 2273 625 2336; x_wconf 84' lang='lat' dir='ltr'>vitae</span> <span class='ocrx_word' id='word_1_102' title='bbox 663 2295 739 2338; x_wconf 90' lang='lat' dir='ltr'>usus</span> <span class='ocrx_word' id='word_1_103' title='bbox 777 2271 956 2336; x_wconf 84' lang='lat' dir='ltr'>necessaria</span> <span class='ocrx_word' id='word_1_104' title='bbox 993 2271 1218 2356; x_wconf 85' lang='lat' dir='ltr'>judicarentur</span> <span class='ocrx_word' id='word_1_105' title='bbox 1254 2271 1339 2356; x_wconf 81' lang='lat' dir='ltr'>regis</span> <span class='ocrx_word' id='word_1_106' title='bbox 1371 2269 1502 2350; x_wconf 83' lang='lat' dir='ltr'>inimici,</span> 
     </span>
     <span class='ocr_line' id='line_1_15' title="bbox 462 2375 766 2460; baseline 0 -22"><span class='ocrx_word' id='word_1_107' title='bbox 462 2375 592 2460; x_wconf 91' lang='lat' dir='ltr'>penitus</span> <span class='ocrx_word' id='word_1_108' title='bbox 612 2375 766 2438; x_wconf 80' lang='lat' dir='ltr'>delerant.</span> 
     </span>
     <span class='ocr_line' id='line_1_16' title="bbox 297 2475 1505 2562; baseline -0.005 -18"><span class='ocrx_word' id='word_1_109' title='bbox 297 2477 406 2544; x_wconf 82' lang='lat' dir='ltr'>Henry’s</span> <span class='ocrx_word' id='word_1_110' title='bbox 508 2477 597 2540; x_wconf 86' lang='lat' dir='ltr'>Dum</span> <span class='ocrx_word' id='word_1_111' title='bbox 631 2475 830 2562; x_wconf 74' lang='lat' dir='ltr'>Rotomagus</span> <span class='ocrx_word' id='word_1_112' title='bbox 867 2479 1117 2562; x_wconf 80' lang='lat' dir='ltr'>oppugnaretur,</span> <span class='ocrx_word' id='word_1_113' title='bbox 1149 2496 1253 2540; x_wconf 88' lang='lat' dir='ltr'>comes</span> <span class='ocrx_word' id='word_1_114' title='bbox 1285 2475 1505 2539; x_wconf 85' lang='lat' dir='ltr'>Kilmanensis</span> 
     </span>
     <span class='ocr_line' id='line_1_17' title="bbox 295 2545 1505 2666; baseline -0.002 -24"><span class='ocrx_word' id='word_1_115' title='bbox 295 2545 430 2666; x_wconf 49' lang='grc' dir='ltr'>ξὲζξξζέζῗ</span> <span class='ocrx_word' id='word_1_116' title='bbox 462 2577 590 2642; x_wconf 86' lang='lat' dir='ltr'>fidelem</span> <span class='ocrx_word' id='word_1_117' title='bbox 618 2579 647 2642; x_wconf 89' lang='lat' dir='ltr'>ei</span> <span class='ocrx_word' id='word_1_118' title='bbox 671 2591 800 2664; x_wconf 88' lang='lat' dir='ltr'>operam</span> <span class='ocrx_word' id='word_1_119' title='bbox 829 2560 986 2662; x_wconf 82' lang='lat' dir='ltr'>praestitit</span> <span class='ocrx_word' id='word_1_120' title='bbox 1014 2582 1112 2662; x_wconf 87' lang='lat' dir='ltr'>atque</span> <span class='ocrx_word' id='word_1_121' title='bbox 1139 2599 1181 2642; x_wconf 78' lang='lat' dir='ltr'>ex</span> <span class='ocrx_word' id='word_1_122' title='bbox 1206 2577 1366 2640; x_wconf 86' lang='lat' dir='ltr'>Hibernia</span> <span class='ocrx_word' id='word_1_123' title='bbox 1386 2579 1505 2640; x_wconf 85' lang='lat' dir='ltr'>multos</span> 
     </span>
     <span class='ocr_line' id='line_1_18' title="bbox 462 2677 1505 2764; baseline -0.002 -22"><span class='ocrx_word' id='word_1_124' title='bbox 462 2679 584 2756; x_wconf 78' lang='lat' dir='ltr'>eduxit,</span> <span class='ocrx_word' id='word_1_125' title='bbox 611 2681 667 2764; x_wconf 87' lang='lat' dir='ltr'>qui</span> <span class='ocrx_word' id='word_1_126' title='bbox 688 2679 848 2764; x_wconf 72' lang='lat' dir='ltr'>peracutis</span> <span class='ocrx_word' id='word_1_127' title='bbox 870 2679 945 2744; x_wconf 89' lang='lat' dir='ltr'>telis</span> <span class='ocrx_word' id='word_1_128' title='bbox 963 2699 1000 2744; x_wconf 81' lang='grc'>11</span> <span class='ocrx_word' id='word_1_129' title='bbox 1022 2679 1244 2764; x_wconf 84' lang='lat' dir='ltr'>catapultariis</span> <span class='ocrx_word' id='word_1_130' title='bbox 1264 2678 1338 2764; x_wconf 88' lang='lat' dir='ltr'>pilis</span> <span class='ocrx_word' id='word_1_131' title='bbox 1360 2677 1505 2744; x_wconf 86' lang='lat' dir='ltr'>inimicos</span> 
     </span>
     <span class='ocr_line' id='line_1_19' title="bbox 355 2779 1508 2866; baseline -0.003 -21"><span class='ocrx_word' id='word_1_132' title='bbox 355 2805 357 2808; x_wconf 91' lang='lat'>·</span> <span class='ocrx_word' id='word_1_133' title='bbox 462 2781 607 2866; x_wconf 82' lang='lat' dir='ltr'>graviter</span> <span class='ocrx_word' id='word_1_134' title='bbox 629 2781 848 2858; x_wconf 79' lang='lat' dir='ltr'>vulnerarunt,</span> <span class='ocrx_word' id='word_1_135' title='bbox 871 2781 994 2864; x_wconf 87' lang='lat' dir='ltr'>pedum</span> <span class='ocrx_word' id='word_1_136' title='bbox 1015 2781 1188 2845; x_wconf 82' lang='lat' dir='ltr'>velocitate</span> <span class='ocrx_word' id='word_1_137' title='bbox 1211 2801 1338 2844; x_wconf 86' lang='lat' dir='ltr'>omnem</span> <span class='ocrx_word' id='word_1_138' title='bbox 1364 2779 1508 2842; x_wconf 86' lang='lat' dir='ltr'>hostium</span> 
     </span>
     <span class='ocr_line' id='line_1_20' title="bbox 462 2881 1508 2968; baseline 0.001 -22"><span class='ocrx_word' id='word_1_139' title='bbox 462 2883 532 2946; x_wconf 85' lang='lat' dir='ltr'>vim</span> <span class='ocrx_word' id='word_1_140' title='bbox 558 2881 649 2948; x_wconf 88' lang='lat' dir='ltr'>facile</span> <span class='ocrx_word' id='word_1_141' title='bbox 675 2881 738 2966; x_wconf 89' lang='lat' dir='ltr'>ipsi</span> <span class='ocrx_word' id='word_1_142' title='bbox 768 2881 976 2948; x_wconf 86' lang='lat' dir='ltr'>declinantes.</span> <span class='ocrx_word' id='word_1_143' title='bbox 1037 2881 1177 2968; x_wconf 75' lang='lat' dir='ltr'>Egregia</span> <span class='ocrx_word' id='word_1_144' title='bbox 1203 2903 1315 2946; x_wconf 87' lang='lat' dir='ltr'>eorum</span> <span class='ocrx_word' id='word_1_145' title='bbox 1335 2881 1442 2946; x_wconf 83' lang='lat' dir='ltr'>virtus</span> <span class='ocrx_word' id='word_1_146' title='bbox 1470 2903 1508 2948; x_wconf 89' lang='lat' dir='ltr'>eo</span> 
     </span>
     <span class='ocr_line' id='line_1_21' title="bbox 462 2981 1508 3070; baseline -0.001 -21"><span class='ocrx_word' id='word_1_147' title='bbox 462 2989 607 3068; x_wconf 88' lang='lat' dir='ltr'>tempore</span> <span class='ocrx_word' id='word_1_148' title='bbox 633 2989 667 3070; x_wconf 87' lang='lat' dir='ltr'>et</span> <span class='ocrx_word' id='word_1_149' title='bbox 691 2983 857 3050; x_wconf 85' lang='lat' dir='ltr'>obsidione</span> <span class='ocrx_word' id='word_1_150' title='bbox 887 2983 1046 3070; x_wconf 80' lang='lat' dir='ltr'>appamit.</span> <span class='ocrx_word' id='word_1_151' title='bbox 1092 2983 1193 3051; x_wconf 87' lang='lat' dir='ltr'>Multi</span> <span class='ocrx_word' id='word_1_152' title='bbox 1216 2982 1360 3050; x_wconf 84' lang='lat' dir='ltr'>Hemico</span> <span class='ocrx_word' id='word_1_153' title='bbox 1385 2981 1508 3048; x_wconf 81' lang='lat' dir='ltr'>auxilia</span> 
     </span>
     <span class='ocr_line' id='line_1_22' title="bbox 457 3085 1510 3170; baseline 0.002 -22"><span class='ocrx_word' id='word_1_154' title='bbox 457 3087 626 3156; x_wconf 84' lang='lat' dir='ltr'>miserunt.</span> <span class='ocrx_word' id='word_1_155' title='bbox 675 3085 787 3154; x_wconf 80' lang='lat' dir='ltr'>Crevit</span> <span class='ocrx_word' id='word_1_156' title='bbox 801 3085 992 3154; x_wconf 65' lang='lat' dir='ltr'>¹durissimis</span> <span class='ocrx_word' id='word_1_157' title='bbox 1013 3085 1214 3170; x_wconf 86' lang='lat' dir='ltr'>temporibus</span> <span class='ocrx_word' id='word_1_158' title='bbox 1233 3085 1411 3152; x_wconf 88' lang='lat' dir='ltr'>amicorum</span> <span class='ocrx_word' id='word_1_159' title='bbox 1428 3085 1510 3150; x_wconf 86' lang='lat' dir='ltr'>mul·</span> 
     </span>
     <span class='ocr_line' id='line_1_23' title="bbox 354 3185 1511 3254; baseline -0.003 -2"><span class='ocrx_word' id='word_1_160' title='bbox 354 3233 356 3236; x_wconf 92' lang='lat'>-</span> <span class='ocrx_word' id='word_1_161' title='bbox 431 3213 432 3216; x_wconf 43' lang='lat'>¹</span> <span class='ocrx_word' id='word_1_162' title='bbox 462 3187 590 3252; x_wconf 87' lang='lat' dir='ltr'>titudo:</span> <span class='ocrx_word' id='word_1_163' title='bbox 623 3187 688 3252; x_wconf 89' lang='lat' dir='ltr'>illis</span> <span class='ocrx_word' id='word_1_164' title='bbox 718 3185 923 3252; x_wconf 78' lang='lat' dir='ltr'>familiariter</span> <span class='ocrx_word' id='word_1_165' title='bbox 948 3191 984 3252; x_wconf 91' lang='lat' dir='ltr'>et</span> <span class='ocrx_word' id='word_1_166' title='bbox 1011 3187 1169 3252; x_wconf 86' lang='lat' dir='ltr'>benevole</span> <span class='ocrx_word' id='word_1_167' title='bbox 1191 3187 1229 3250; x_wconf 87' lang='lat' dir='ltr'>in</span> <span class='ocrx_word' id='word_1_168' title='bbox 1258 3187 1338 3254; x_wconf 86' lang='lat' dir='ltr'>vitae</span> <span class='ocrx_word' id='word_1_169' title='bbox 1368 3209 1511 3254; x_wconf 89' lang='lat' dir='ltr'>commu-</span> 
     </span>
     <span class='ocr_line' id='line_1_24' title="bbox 462 3289 1511 3366; baseline 0.002 -16"><span class='ocrx_word' id='word_1_170' title='bbox 462 3289 567 3352; x_wconf 89' lang='lat' dir='ltr'>nitate</span> <span class='ocrx_word' id='word_1_171' title='bbox 604 3309 663 3352; x_wconf 85' lang='lat' dir='ltr'>rex</span> <span class='ocrx_word' id='word_1_172' title='bbox 699 3311 778 3352; x_wconf 92' lang='lat' dir='ltr'>usus</span> <span class='ocrx_word' id='word_1_173' title='bbox 816 3293 872 3366; x_wconf 88' lang='lat' dir='ltr'>est,</span> <span class='ocrx_word' id='word_1_174' title='bbox 909 3293 943 3354; x_wconf 91' lang='lat' dir='ltr'>ct</span> <span class='ocrx_word' id='word_1_175' title='bbox 982 3309 1094 3352; x_wconf 87' lang='lat' dir='ltr'>eorum</span> <span class='ocrx_word' id='word_1_176' title='bbox 1131 3289 1363 3356; x_wconf 84' lang='lat' dir='ltr'>consuetudine</span> <span class='ocrx_word' id='word_1_177' title='bbox 1401 3311 1511 3354; x_wconf 87' lang='lat' dir='ltr'>omnes</span> 
     </span>
     <span class='ocr_line' id='line_1_25' title="bbox 367 3387 1514 3476; baseline 0 -24"><span class='ocrx_word' id='word_1_178' title='bbox 367 3387 369 3398; x_wconf 50' lang='lat'><em>²</em></span> <span class='ocrx_word' id='word_1_179' title='bbox 462 3391 592 3474; x_wconf 88' lang='lat' dir='ltr'>illorum</span> <span class='ocrx_word' id='word_1_180' title='bbox 626 3395 815 3476; x_wconf 84' lang='lat' dir='ltr'>temporum</span> <span class='ocrx_word' id='word_1_181' title='bbox 846 3389 1012 3454; x_wconf 86' lang='lat' dir='ltr'>molestias</span> <span class='ocrx_word' id='word_1_182' title='bbox 1050 3390 1226 3462; x_wconf 84' lang='lat' dir='ltr'>devoravit.</span> <span class='ocrx_word' id='word_1_183' title='bbox 1288 3391 1388 3476; x_wconf 83' lang='lat' dir='ltr'>Regis</span> <span class='ocrx_word' id='word_1_184' title='bbox 1422 3389 1514 3454; x_wconf 85' lang='lat' dir='ltr'>Lusi·</span> 
     </span>
     <span class='ocr_line' id='line_1_26' title="bbox 461 3489 1511 3578; baseline 0 -24"><span class='ocrx_word' id='word_1_185' title='bbox 461 3491 563 3554; x_wconf 86' lang='grc'><strong>1111111</strong></span> <span class='ocrx_word' id='word_1_186' title='bbox 591 3495 746 3578; x_wconf 86' lang='lat' dir='ltr'>cognatus</span> <span class='ocrx_word' id='word_1_187' title='bbox 771 3489 915 3556; x_wconf 87' lang='lat' dir='ltr'>Henrico</span> <span class='ocrx_word' id='word_1_188' title='bbox 937 3491 1079 3554; x_wconf 90' lang='lat' dir='ltr'>multum</span> <span class='ocrx_word' id='word_1_189' title='bbox 1101 3491 1138 3554; x_wconf 90' lang='lat' dir='ltr'>in</span> <span class='ocrx_word' id='word_1_190' title='bbox 1164 3513 1202 3556; x_wconf 91' lang='lat' dir='ltr'>eo</span> <span class='ocrx_word' id='word_1_191' title='bbox 1226 3491 1340 3578; x_wconf 82' lang='lat' dir='ltr'>praelio</span> <span class='ocrx_word' id='word_1_192' title='bbox 1370 3491 1511 3566; x_wconf 85' lang='lat' dir='ltr'>favebat,</span> 
     </span>
     <span class='ocr_line' id='line_1_27' title="bbox 462 3591 1514 3678; baseline 0 -22"><span class='ocrx_word' id='word_1_193' title='bbox 462 3613 560 3678; x_wconf 75' lang='lat' dir='ltr'>quem</span> <span class='ocrx_word' id='word_1_194' title='bbox 581 3659 582 3662; x_wconf 61' lang='grc'><strong>,</strong></span> <span class='ocrx_word' id='word_1_195' title='bbox 601 3593 700 3678; x_wconf 88' lang='lat' dir='ltr'>copiis</span> <span class='ocrx_word' id='word_1_196' title='bbox 739 3591 863 3667; x_wconf 59' lang='lat' dir='ltr'>auxit„</span> <span class='ocrx_word' id='word_1_197' title='bbox 909 3593 1007 3656; x_wconf 84' lang='lat' dir='ltr'>Esset</span> <span class='ocrx_word' id='word_1_198' title='bbox 1044 3593 1142 3656; x_wconf 84' lang='lat' dir='ltr'>valde</span> <span class='ocrx_word' id='word_1_199' title='bbox 1171 3593 1331 3678; x_wconf 21' lang='lat' dir='ltr'>,iniquum</span> <span class='ocrx_word' id='word_1_200' title='bbox 1368 3593 1514 3658; x_wconf 88' lang='lat' dir='ltr'>oratione</span> 
     </span>
     <span class='ocr_line' id='line_1_28' title="bbox 462 3695 1514 3780; baseline 0 -22"><span class='ocrx_word' id='word_1_201' title='bbox 462 3695 584 3758; x_wconf 86' lang='lat' dir='ltr'>invida</span> <span class='ocrx_word' id='word_1_202' title='bbox 600 3695 709 3760; x_wconf 25' lang='lat' dir='ltr'>*Gallis</span> <span class='ocrx_word' id='word_1_203' title='bbox 749 3717 787 3762; x_wconf 89' lang='lat' dir='ltr'>ea</span> <span class='ocrx_word' id='word_1_204' title='bbox 820 3695 995 3780; x_wconf 85' lang='lat' dir='ltr'>praeripere</span> <span class='ocrx_word' id='word_1_205' title='bbox 1033 3717 1107 3779; x_wconf 85' lang='lat' dir='ltr'>quae</span> <span class='ocrx_word' id='word_1_206' title='bbox 1142 3718 1200 3758; x_wconf 90' lang='lat' dir='ltr'>suo</span> <span class='ocrx_word' id='word_1_207' title='bbox 1227 3695 1301 3779; x_wconf 85' lang='lat' dir='ltr'>J‘ure</span> <span class='ocrx_word' id='word_1_208' title='bbox 1335 3695 1400 3758; x_wconf 89' lang='lat' dir='ltr'>sibi</span> <span class='ocrx_word' id='word_1_209' title='bbox 1436 3695 1514 3780; x_wconf 88' lang='lat' dir='ltr'>ipsis</span> 
     </span>
     <span class='ocr_line' id='line_1_29' title="bbox 455 3793 1514 3882; baseline -0.002 -20"><span class='ocrx_word' id='word_1_210' title='bbox 455 3811 630 3874; x_wconf 78' lang='grc'><strong>1111111111,</strong></span> <span class='ocrx_word' id='word_1_211' title='bbox 674 3801 707 3862; x_wconf 88' lang='grc'>11</span> <span class='ocrx_word' id='word_1_212' title='bbox 730 3793 858 3870; x_wconf 83' lang='lat' dir='ltr'>&#39;eorum</span> <span class='ocrx_word' id='word_1_213' title='bbox 888 3797 1112 3860; x_wconf 87' lang='lat' dir='ltr'>celebritatem</span> <span class='ocrx_word' id='word_1_214' title='bbox 1142 3801 1179 3861; x_wconf 78' lang='lat' dir='ltr'>et.</span> <span class='ocrx_word' id='word_1_215' title='bbox 1206 3797 1347 3860; x_wconf 88' lang='lat' dir='ltr'>nominis</span> <span class='ocrx_word' id='word_1_216' title='bbox 1378 3797 1514 3882; x_wconf 84' lang='lat' dir='ltr'>gloriam</span> 
     </span>
     <span class='ocr_line' id='line_1_30' title="bbox 293 3897 1517 3982; baseline 0.002 -22"><span class='ocrx_word' id='word_1_217' title='bbox 293 3909 439 3962; x_wconf 77' lang='lat' dir='ltr'>Resolution</span> <span class='ocrx_word' id='word_1_218' title='bbox 460 3899 503 3962; x_wconf 90' lang='lat' dir='ltr'>ab</span> <span class='ocrx_word' id='word_1_219' title='bbox 542 3899 706 3962; x_wconf 88' lang='lat' dir='ltr'>oblivione</span> <span class='ocrx_word' id='word_1_220' title='bbox 738 3897 911 3974; x_wconf 87' lang='lat' dir='ltr'>vindicare,</span> <span class='ocrx_word' id='word_1_221' title='bbox 947 3902 1092 3982; x_wconf 82' lang='lat' dir='ltr'>possunt</span> <span class='ocrx_word' id='word_1_222' title='bbox 1132 3897 1215 3962; x_wconf 83' lang='lat' dir='ltr'>Cum</span> <span class='ocrx_word' id='word_1_223' title='bbox 1253 3898 1353 3982; x_wconf 91' lang='lat' dir='ltr'>probe</span> <span class='ocrx_word' id='word_1_224' title='bbox 1387 3899 1517 3968; x_wconf 85' lang='lat' dir='ltr'>munita</span> 
     </span>
     <span class='ocr_line' id='line_1_31' title="bbox 291 3977 1517 4106; baseline -0.002 -41.998"><span class='ocrx_word' id='word_1_225' title='bbox 291 3977 378 4106; x_wconf 54' lang='grc' dir='ltr'>ῡξζὴξθ</span> <span class='ocrx_word' id='word_1_226' title='bbox 389 4043 459 4092; x_wconf 84' lang='lat' dir='ltr'>cf</span> <span class='ocrx_word' id='word_1_227' title='bbox 459 4005 545 4064; x_wconf 86' lang='lat' dir='ltr'>esset</span> <span class='ocrx_word' id='word_1_228' title='bbox 571 3999 748 4084; x_wconf 82' lang='lat' dir='ltr'>Rotomagi</span> <span class='ocrx_word' id='word_1_229' title='bbox 774 3997 891 4064; x_wconf 88' lang='lat' dir='ltr'>civitas</span> <span class='ocrx_word' id='word_1_230' title='bbox 918 4002 953 4061; x_wconf 90' lang='lat' dir='ltr'>et</span> <span class='ocrx_word' id='word_1_231' title='bbox 976 4001 1074 4064; x_wconf 85' lang='lat' dir='ltr'>rebus</span> <span class='ocrx_word' id='word_1_232' title='bbox 1096 3997 1249 4064; x_wconf 88' lang='lat' dir='ltr'>omnibus</span> <span class='ocrx_word' id='word_1_233' title='bbox 1275 3999 1318 4063; x_wconf 88' lang='lat' dir='ltr'>ad</span> <span class='ocrx_word' id='word_1_234' title='bbox 1338 3999 1418 4064; x_wconf 90' lang='lat' dir='ltr'>belli</span> <span class='ocrx_word' id='word_1_235' title='bbox 1440 4020 1517 4062; x_wconf 86' lang='lat' dir='ltr'>usus</span> 
     </span>
     <span class='ocr_line' id='line_1_32' title="bbox 291 4097 1517 4184; baseline 0.007 -29"><span class='ocrx_word' id='word_1_236' title='bbox 291 4107 388 4160; x_wconf 81' lang='lat' dir='ltr'>Rauen</span> <span class='ocrx_word' id='word_1_237' title='bbox 458 4099 646 4164; x_wconf 89' lang='lat' dir='ltr'>necessariis</span> <span class='ocrx_word' id='word_1_238' title='bbox 678 4099 846 4176; x_wconf 87' lang='lat' dir='ltr'>instructa,</span> <span class='ocrx_word' id='word_1_239' title='bbox 874 4097 1064 4182; x_wconf 84' lang='lat' dir='ltr'>juramento</span> <span class='ocrx_word' id='word_1_240' title='bbox 1095 4121 1130 4164; x_wconf 92' lang='lat' dir='ltr'>se</span> <span class='ocrx_word' id='word_1_241' title='bbox 1162 4101 1373 4184; x_wconf 76' lang='lat' dir='ltr'>obstringrmt</span> <span class='ocrx_word' id='word_1_242' title='bbox 1401 4101 1517 4184; x_wconf 86' lang='lat' dir='ltr'>gladiis</span> 
     </span>
     <span class='ocr_line' id='line_1_33' title="bbox 303 4191 1518 4286; baseline 0 -22"><span class='ocrx_word' id='word_1_243' title='bbox 303 4191 305 4196; x_wconf 53' lang='grc'>’</span> <span class='ocrx_word' id='word_1_244' title='bbox 433 4199 690 4264; x_wconf 87' lang='lat' dir='ltr'>destrictisin</span> <span class='ocrx_word' id='word_1_245' title='bbox 654 4221 796 4264; x_wconf 87' lang='lat' dir='ltr'>meum</span> <span class='ocrx_word' id='word_1_246' title='bbox 829 4199 1001 4276; x_wconf 73' lang='lat' dir='ltr'>inaurare,</span> <span class='ocrx_word' id='word_1_247' title='bbox 1035 4223 1073 4264; x_wconf 87' lang='grc'>11</span> <span class='ocrx_word' id='word_1_248' title='bbox 1103 4199 1236 4286; x_wconf 87' lang='lat' dir='ltr'>capitali</span> <span class='ocrx_word' id='word_1_249' title='bbox 1266 4221 1367 4286; x_wconf 88' lang='lat' dir='ltr'>poena</span> <span class='ocrx_word' id='word_1_250' title='bbox 1395 4199 1518 4266; x_wconf 89' lang='lat' dir='ltr'>afficere</span> 
     </span>
     <span class='ocr_line' id='line_1_34' title="bbox 452 4301 1517 4418; baseline 0.001 -52.007"><span class='ocrx_word' id='word_1_251' title='bbox 452 4301 517 4386; x_wconf 90' lang='lat' dir='ltr'>qui</span> <span class='ocrx_word' id='word_1_252' title='bbox 542 4301 601 4366; x_wconf 89' lang='lat' dir='ltr'>de</span> <span class='ocrx_word' id='word_1_253' title='bbox 612 4301 817 4366; x_wconf 87' lang='lat' dir='ltr'>deditione&#39;</span> <span class='ocrx_word' id='word_1_254' title='bbox 807 4323 844 4364; x_wconf 90' lang='lat' dir='ltr'>m</span> <span class='ocrx_word' id='word_1_255' title='bbox 870 4321 984 4364; x_wconf 88' lang='lat' dir='ltr'>eorum</span> <span class='ocrx_word' id='word_1_256' title='bbox 1013 4301 1199 4418; x_wconf 78' lang='lat' dir='ltr'>frequentia</span> <span class='ocrx_word' id='word_1_257' title='bbox 1224 4303 1363 4366; x_wconf 84' lang='lat' dir='ltr'>verbum</span> <span class='ocrx_word' id='word_1_258' title='bbox 1389 4303 1517 4368; x_wconf 86' lang='lat' dir='ltr'>faceret</span> 
     </span>
     <span class='ocr_line' id='line_1_35' title="bbox 291 4385 1520 4490; baseline -0.003 -18"><span class='ocrx_word' id='word_1_259' title='bbox 291 4421 380 4472; x_wconf 81' lang='lat' dir='ltr'>The</span> <span class='ocrx_word' id='word_1_260' title='bbox 360 4437 427 4486; x_wconf 76' lang='lat' dir='ltr'>aege</span> <span class='ocrx_word' id='word_1_261' title='bbox 459 4403 515 4466; x_wconf 88' lang='lat' dir='ltr'>Ita</span> <span class='ocrx_word' id='word_1_262' title='bbox 548 4403 695 4470; x_wconf 86' lang='lat' dir='ltr'>odiosum</span> <span class='ocrx_word' id='word_1_263' title='bbox 729 4403 794 4466; x_wconf 88' lang='lat' dir='ltr'>illis</span> <span class='ocrx_word' id='word_1_264' title='bbox 837 4401 903 4466; x_wconf 82' lang='lat' dir='ltr'>fuit</span> <span class='ocrx_word' id='word_1_265' title='bbox 928 4385 1115 4488; x_wconf 78' lang='lat' dir='ltr'>Anglorum</span> <span class='ocrx_word' id='word_1_266' title='bbox 1148 4403 1285 4490; x_wconf 89' lang='lat' dir='ltr'>principi</span> <span class='ocrx_word' id='word_1_267' title='bbox 1320 4406 1450 4482; x_wconf 88' lang='lat' dir='ltr'>servire,</span> <span class='ocrx_word' id='word_1_268' title='bbox 1482 4409 1520 4468; x_wconf 94' lang='lat' dir='ltr'>ut</span> 
     </span>
     <span class='ocr_line' id='line_1_36' title="bbox 290 4491 1522 4606; baseline -0.002 -36"><span class='ocrx_word' id='word_1_269' title='bbox 290 4489 414 4606; x_wconf 57' lang='lat' dir='ltr'>pappam</span> <span class='ocrx_word' id='word_1_270' title='bbox 459 4504 637 4590; x_wconf 89' lang='lat' dir='ltr'>optabilius</span> <span class='ocrx_word' id='word_1_271' title='bbox 675 4505 741 4570; x_wconf 87' lang='lat' dir='ltr'>eis</span> <span class='ocrx_word' id='word_1_272' title='bbox 759 4505 927 4569; x_wconf 83' lang='lat' dir='ltr'>videretur</span> <span class='ocrx_word' id='word_1_273' title='bbox 964 4505 1051 4568; x_wconf 82' lang='lat' dir='ltr'>fame</span> <span class='ocrx_word' id='word_1_274' title='bbox 1089 4505 1204 4570; x_wconf 82' lang='lat' dir='ltr'>confici</span> <span class='ocrx_word' id='word_1_275' title='bbox 1239 4505 1496 4592; x_wconf 85' lang='lat' dir='ltr'>praeclareque</span> <span class='ocrx_word' id='word_1_276' title='bbox 1487 4528 1522 4568; x_wconf 86' lang='lat' dir='ltr'>ru</span> 
     </span>
     <span class='ocr_line' id='line_1_37' title="bbox 289 4603 1520 4720; baseline 0 -50"><span class='ocrx_word' id='word_1_277' title='bbox 289 4623 419 4672; x_wconf 73' lang='grc'><strong>1111111111.</strong></span> <span class='ocrx_word' id='word_1_278' title='bbox 457 4607 568 4686; x_wconf 86' lang='lat' dir='ltr'>media</span> <span class='ocrx_word' id='word_1_279' title='bbox 606 4607 673 4670; x_wconf 88' lang='lat' dir='ltr'>acie</span> <span class='ocrx_word' id='word_1_280' title='bbox 704 4603 900 4672; x_wconf 82' lang='lat' dir='ltr'>occumbere.</span> <span class='ocrx_word' id='word_1_281' title='bbox 958 4607 1140 4720; x_wconf 87' lang='lat' dir='ltr'>Postquam</span> <span class='ocrx_word' id='word_1_282' title='bbox 1166 4607 1232 4670; x_wconf 85' lang='lat' dir='ltr'>ista</span> <span class='ocrx_word' id='word_1_283' title='bbox 1239 4607 1520 4690; x_wconf 84' lang='lat' dir='ltr'>percrebuissent,</span> 
     </span>
    </p>
   </div>
   <div class='ocr_carea' id='block_1_3' title="bbox 454 4707 1522 4808">
    <p class='ocr_par' dir='ltr' id='par_1_3' title="bbox 454 4707 1522 4808">
     <span class='ocr_line' id='line_1_38' title="bbox 454 4707 1522 4808; baseline -0.002 -35.99"><span class='ocrx_word' id='word_1_284' title='bbox 454 4713 629 4790; x_wconf 83' lang='lat' dir='ltr'>certusque</span> <span class='ocrx_word' id='word_1_285' title='bbox 653 4707 692 4772; x_wconf 91' lang='lat' dir='ltr'>de</span> <span class='ocrx_word' id='word_1_286' title='bbox 716 4709 837 4772; x_wconf 90' lang='lat' dir='ltr'>eisdem</span> <span class='ocrx_word' id='word_1_287' title='bbox 864 4709 962 4772; x_wconf 87' lang='lat' dir='ltr'>rebus</span> <span class='ocrx_word' id='word_1_288' title='bbox 984 4709 1028 4771; x_wconf 87' lang='lat' dir='ltr'>ad</span> <span class='ocrx_word' id='word_1_289' title='bbox 1049 4709 1137 4792; x_wconf 86' lang='lat' dir='ltr'>regis</span> <span class='ocrx_word' id='word_1_290' title='bbox 1163 4729 1259 4808; x_wconf 86' lang='lat' dir='ltr'>aures</span> <span class='ocrx_word' id='word_1_291' title='bbox 1287 4707 1426 4772; x_wconf 87' lang='lat' dir='ltr'>nuntius</span> <span class='ocrx_word' id='word_1_292' title='bbox 1450 4729 1522 4790; x_wconf 93' lang='lat' dir='ltr'>per-</span> 
     </span>
    </p>
   </div>
   <div class='ocr_carea' id='block_1_4' title="bbox 0 0 1741 5709">
    <p class='ocr_par' dir='ltr' id='par_1_4' title="bbox 0 0 1741 5709">
     <span class='ocr_line' id='line_1_39' title="bbox 0 0 1741 5709; baseline 0 0"><span class='ocrx_word' id='word_1_293' title='bbox 0 0 1741 5709; x_wconf 95' lang='lat' dir='ltr'> </span> 
     </span>
    </p>
   </div>
  </div>
 </body>
</html>
