3400 5709
501 901 522 962 l
917 913 1107 962 nrnrclrm.
1217 944 1219 947 -

335 1103 489 1156 mdiorum.
502 1089 560 1164 est,
597 1107 655 1152 nec
686 1087 721 1150 in
753 1085 886 1172 patricio
916 1085 1093 1163 ferendum,
1132 1103 1205 1148 cum
1236 1083 1272 1148 in
1314 1085 1535 1170 procuratione

501 1201 621 1268 civium
636 1207 788 1280 versetur,
805 1206 938 1268 aetatem
957 1203 1082 1287 patriae,
1098 1199 1324 1286 descriptiones
1344 1205 1535 1284 temporum,

502 1317 609 1380 sedem
639 1315 806 1400 regionum
838 1320 872 1380 et
901 1315 1052 1392 locorum,
1085 1315 1291 1377 domesticam
1322 1337 1358 1376 ac
1390 1313 1538 1377 bellicam

502 1429 709 1514 disciplinam,
744 1447 839 1510 quam
876 1428 980 1490 nostri
1014 1427 1161 1518 homines
1191 1427 1311 1510 optime
1353 1431 1536 1504 tennenmt,

501 1543 656 1628 ignorare.
701 1541 878 1624 Nunquam
915 1561 969 1604 eos
1005 1541 1042 1604 in
1071 1540 1176 1604 laude
1196 1541 1319 1626 positos
1350 1541 1536 1626 accepimus,

501 1655 557 1740 qui
588 1655 623 1718 in
656 1677 715 1718 sua
735 1655 847 1740 patria,
871 1661 1029 1740 tanquam
1058 1655 1094 1718 in
1116 1655 1220 1718 aliena
1240 1655 1321 1718 urbe
1343 1661 1377 1718 et
1406 1655 1538 1720 civitate

500 1769 748 1856 peregrinantes,
772 1775 929 1834 errarunt.

544 1883 704 1950 Profuisse
727 1885 867 1950 multum
890 1885 1046 1950 Romanis
1067 1885 1170 1950 Varro
1192 1907 1213 1950 a
1235 1883 1387 1951 Cicerone
1413 1885 1538 1963 dicitur,

500 1999 564 2084 qui,
586 2021 658 2064 cnm
678 2005 760 2064 esset
780 2003 813 2066 et
832 2021 941 2064 rerum
959 2001 1052 2086 copia
1068 2005 1102 2064 et
1120 2001 1354 2065 sententiarum
1372 2001 1539 2078 varietate,

429 2185 430 2190 ἵ
499 2135 536 2178 ac
558 2115 628 2200 ipsa
649 2115 856 2180 collocatione
875 2115 1050 2180 verborum
1068 2137 1136 2180 non
1152 2115 1327 2202 impolitus
1343 2115 1387 2178 ad
1405 2116 1543 2179 scriben-

501 2229 578 2294 dum
594 2251 627 2294 se
646 2225 793 2308 contulit,
809 2231 981 2314 studioque
999 2251 1057 2294 suo
1072 2231 1187 2306 effecit,
1202 2251 1244 2294 ne
1261 2230 1402 2294 Romani
1422 2229 1544 2294 diutius

472 2379 473 2384 1
501 2349 643 2408 errantes
660 2345 787 2430 ¹patriae
818 2367 885 2408 suae
915 2345 1070 2408 instituta
1099 2349 1133 2408 et
1166 2343 1327 2428 majorum
1355 2365 1406 2408 res
1437 2349 1543 2430 gestas

499 2459 692 2544 ignorarent.
739 2459 832 2524 illius
846 2459 923 2523 libri
945 2459 1109 2522 Romanos
1127 2459 1259 2522 domum
1278 2459 1491 2536 deduxerunt,
1506 2463 1546 2522 ut

499 2579 629 2660 possent
647 2573 826 2660 aliquande,
850 2573 916 2658 qni,
938 2579 973 2638 et
994 2573 1053 2638 ubi
1075 2577 1189 2652 essent,
1213 2595 1393 2660 agnoscere.
1439 2573 1546 2659 Majus

499 2687 561 2752 hoc
583 2693 616 2752 et
641 2687 802 2754 difficilius
825 2692 883 2766 est,
909 2689 1160 2754 honoratissime
1185 2689 1323 2768 domine,
1354 2709 1453 2774 quam
1478 2689 1547 2774 ipse

500 2803 603 2866 audeo
618 2803 778 2888 profiteri;
798 2825 858 2866 nec
877 2803 914 2867 id
933 2825 1078 2888 unquam
1096 2803 1241 2868 eratione
1260 2803 1440 2888 suscipiam,
1457 2803 1548 2888 cujus

499 2917 701 3002 magnitudo,
730 2939 766 2982 ac
795 2917 994 2982 incredibilis
1020 2917 1170 3002 quaedam
1200 2915 1380 2994 difficultas,
1402 2917 1549 2982 homines

484 3031 594 3116 ‘longe
610 3031 843 3094 eruditissimos
860 3031 1026 3094 deterruit.
1070 3031 1133 3094 Est
1147 3031 1266 3096 summi
1281 3033 1418 3094 oratoris
1432 3053 1550 3094 munus

501 3145 636 3210 flumine
661 3145 814 3210 orationis
836 3150 871 3208 et
890 3146 1052 3210 varietate
1076 3147 1293 3210 maximarum
1315 3145 1436 3210 veteris
1467 3145 1551 3210 antia

501 3259 637 3344 quitatis
652 3261 841 3324 memoriam
863 3261 1027 3346 replicare,
1050 3264 1085 3324 11
1100 3259 1141 3324 de
1155 3261 1408 3346 uniuscujusque
1422 3261 1494 3326 vita
1515 3281 1553 3324 ac

500 3369 618 3440 natura
636 3373 811 3460 disputare,
827 3377 867 3436 ut
885 3373 969 3438 nihil
982 3379 1051 3438 non
1068 3375 1268 3458 explicatum
1287 3375 1367 3438 satis
1381 3375 1553 3460 judicetur.

501 3487 609 3552 Multa
641 3489 817 3552 vetustatis
851 3489 984 3552 nuntia·
1006 3493 1041 3553 et
1074 3489 1169 3553 testis
1201 3495 1386 3574 temporum
1418 3490 1554 3554 historia

501 3603 692 3688 suppeditet,
710 3623 782 3686 qnae
806 3605 839 3666 et
857 3603 1019 3668 varietate
1041 3625 1100 3668 sna
1122 3603 1283 3668 delectent
1305 3623 1343 3666 ac
1362 3604 1555 3668 moestitiam

499 3717 679 3782 multorum
716 3717 832 3782 animis
865 3715 1016 3782 inferant.
1074 3715 1181 3782 Nemo
1213 3717 1293 3782 forti
1330 3721 1365 3782 et
1401 3719 1555 3804 praeclaro

500 3833 608 3896 animo
630 3833 864 3918 rempublicam
889 3853 1037 3916 unquam
1069 3831 1160 3908 adiit,
1183 3851 1243 3894 nec
1273 3853 1317 3895 ex
1341 3831 1431 3896 illius
1452 3833 1556 3896 admi·

499 3947 692 4010 nistratione
725 3947 856 4010 laudem
885 3949 920 4008 et
938 3945 1073 4010 tamam
1096 3951 1148 4010 est
1176 3951 1374 4023 consecutus,
1398 3947 1457 4030 qui
1488 3969 1556 4010 ma·

496 4061 607 4142 jorum
629 4061 792 4136 instituta,
816 4061 905 4124 acsi
933 4061 1061 4124 ludicra
1086 4065 1195 4124 essent
1216 4065 1251 4124 et
1272 4061 1391 4144 inepta,
1416 4067 1558 4126 contem·

500 4177 601 4238 neret.

546 4287 669 4352 Vereor
702 4293 821 4364 tamen,
859 4289 1061 4354 nobilissime
1098 4311 1212 4366 comes,
1248 4311 1292 4354 an
1327 4289 1462 4376 perinde
1497 4289 1559 4354 hoc

502 4401 643 4488 intelligi
666 4403 769 4486 possit
791 4423 828 4466 ac
843 4403 912 4490 ipse
934 4403 1082 4490 cogitans
1104 4405 1219 4470 sentio
1275 4404 1408 4470 Nollem
1430 4427 1448 4468 e
1469 4405 1560 4469 nobi-

502 4517 589 4580 libus
622 4537 820 4602 quemquam
852 4519 998 4582 oratione
1029 4541 1105 4582 mea
1138 4519 1266 4596 offendi,
1298 4541 1336 4582 ac
1369 4521 1398 4584 si
1430 4519 1559 4584 laudem

503 4631 646 4718 aliquam
669 4631 737 4696 illis
768 4632 1062 4718 praeriperem‚·rel
1092 4639 1279 4697 nostrorum
1309 4634 1480 4698 hominurn
1512 4635 1561 4697 in-

504 4749 621 4814 ertiam
653 4745 910 4828 condemnarem,
942 4769 1018 4813 cum
1054 4747 1136 4812 satis
1169 4745 1229 4812 otii
1263 4751 1298 4811 et
1329 4747 1487 4834 temporis
1518 4745 1561 4809 ad
