3400 5709
431 867 473 928 al
767 876 951 928 1111111111
974 879 1137 930 mercum

263 1061 332 1120 11).
346 1069 416 1118 1414.
431 1051 603 1140 prudentia
637 1055 671 1118 et
708 1053 863 1138 aequitate
895 1051 1050 1140 principis
1078 1056 1194 1140 parata
1228 1050 1346 1132 essent,
1382 1055 1473 1140 isque

427 1157 569 1242 jucunde
599 1177 672 1220 cum
695 1157 858 1222 nobilibus
883 1157 1011 1221 viveret
1031 1179 1089 1220 nec
1111 1157 1282 1242 quiequam
1304 1157 1383 1220 mali
1406 1178 1474 1220 sus-

433 1259 599 1346 picaretur,
625 1259 702 1322 dum
727 1259 763 1322 in
797 1259 873 1322 aula
896 1264 930 1322 et
951 1258 1271 1322 honorificentissima
1294 1259 1391 1324 domo
1414 1279 1474 1323 sua

227 1381 228 1384 ¹
269 1365 404 1454 11111111-
435 1361 663 1426 Kinnelworth
679 1363 814 1448 degeret,
832 1361 939 1424 visum
961 1367 1011 1424 est
1031 1359 1146 1424 Oarolo
1170 1361 1284 1428 Galliae
1299 1361 1472 1448 Delphina

263 1433 374 1564 ffiffige
433 1463 518 1548 regis
553 1463 717 1526 Gallorum
739 1463 806 1526 filio
835 1467 917 1526 natu
946 1461 1089 1526 maximo
1117 1463 1241 1550 legatos
1269 1465 1313 1528 ad
1340 1463 1475 1527 nobilis·

265 1565 413 1646 anuinsult-
435 1565 551 1628 simum
587 1565 764 1648 prinoipem
793 1565 922 1628 mittere
934 1589 943 1642 3
984 1585 1122 1648 quorum
1154 1564 1266 1652 inepta
1303 1587 1340 1630 oc
1376 1567 1471 1652 plane

240 1729 242 1732 .
268 1649 380 1750 ppptpre·
433 1667 564 1742 ludicra,
580 1685 638 1730 nec
661 1665 746 1730 inter
768 1685 861 1730 sanos
884 1687 1029 1750 unquam
1046 1667 1251 1746 nominanda,
1266 1667 1386 1754 legatio
1403 1689 1471 1731 non
1502 1668 1505 1672 ’

431 1765 550 1850 injuria
568 1765 749 1852 Anglorum
768 1769 852 1854 regis
870 1772 904 1832 et
922 1767 1134 1832 illustrissimi
1154 1769 1307 1854 principis
1325 1769 1470 1832 animum

431 1867 482 1932 ira
509 1867 729 1934 inflammavit.
778 1869 857 1950 Quis
889 1871 976 1934 enim
1004 1891 1098 1954 aequo
1128 1871 1236 1934 animo
1267 1871 1355 1934 illius
1393 1872 1472 1935 stul·
1589 1888 1591 1891 ·

432 1971 548 2048 titiam,
579 1987 620 2036 111
648 1971 750 2036 dicam
773 1973 881 2048 scelus,
904 1973 987 2036 ferre
1009 1973 1125 2058 potuit,
1157 1973 1213 2058 qui
1238 1973 1470 2058 amplissimum

432 2093 540 2160 regem
569 2095 606 2138 ac
640 2073 676 2136 in
707 2073 800 2138 bellis
835 2097 960 2160 semper
983 2075 1143 2138 irrviotum
1167 2075 1263 2138 rebus
1288 2075 1471 2138 leviusculis

432 2179 671 2240 remuneraret?
706 2181 738 2240 et
769 2177 850 2262 pilas
881 2177 1022 2242 Lutetiae
1052 2177 1173 2240 affabre
1204 2181 1353 2241 consutas
1382 2176 1473 2240 xenii

432 2279 500 2342 loco
538 2277 580 2340 ad
617 2299 691 2342 eum
727 2279 880 2354 mitteret,
915 2279 1005 2362 eujus
1041 2279 1147 2343 virtus
1182 2283 1215 2342 et
1244 2279 1345 2340 animi
1375 2279 1471 2342 elatio

433 2377 543 2442 Gallos
571 2377 716 2466 imbelles
746 2381 863 2466 saepius
892 2379 1105 2464 profligasset,
1128 2399 1302 2464 eorumque
1326 2379 1472 2444 11101111

432 2485 499 2546 tem
522 2481 780 2566 compressisset?

475 2583 626 2668 Princeps
648 2587 757 2648 1101111
781 2583 909 2660 exarsit,
928 2589 963 2648 et
985 2583 1120 2648 moleste
1139 2583 1219 2648 tulit
1240 2585 1320 2648 talia
1339 2607 1474 2649 munera

431 2703 451 2750 a
473 2685 629 2770 Delphini
655 2683 770 2770 legatis
795 2685 838 2750 ed
859 2707 932 2750 eum
955 2685 1091 2766 deferri3
1115 2707 1188 2770 quae
1211 2687 1383 2773 magnifico
1405 2687 1475 2772 regi

430 2787 625 2852 videbantur
665 2787 791 2874 aptiora
835 2789 943 2874 pueris
981 2809 1119 2874 quorum
1163 2794 1245 2854 aetas
1287 2789 1324 2852 in
1366 2811 1475 2852 rerum

430 2889 577 2954 inanium
615 2889 723 2954 studio
760 2891 968 2966 consumitur,
1008 2913 1106 2974 quam
1135 2891 1206 2954 viro
1236 2891 1314 2954 forti
1343 2913 1476 2957 consen-

263 3019 412 3086 Theling’s
430 2997 528 3056 tanea
550 2991 605 3076 qui
635 2991 719 3054 nihil
740 2989 863 3056 humile
893 2997 952 3056 aut
982 2993 1145 3076 abjectum
1174 2998 1308 3056 curaret.
1353 2993 1476 3056 Verum

262 3087 341 3152 reply.
430 3095 467 3174 is,
496 3115 560 3180 qua
589 3093 653 3158 fuit
682 3093 864 3180 prudentia,
895 3095 1014 3180 legatis
1042 3095 1217 3180 imperavit
1245 3099 1285 3158 ut
1311 3095 1476 3178 Dolphino

430 3219 488 3260 suo
523 3197 737 3270 enuntiarent,
777 3217 810 3260 se
846 3195 1087 3260 elaboraturum
1120 3217 1163 3260 ne
1196 3195 1312 3280 ingens
1337 3195 1478 3280 pilarum

430 3297 686 3362 Londinensium
724 3297 815 3380 copia
853 3302 888 3362 et
916 3297 1095 3362 multitudo
1132 3319 1153 3360 a
1183 3295 1351 3360 Gallorum
1380 3298 1479 3362 turba

429 3401 671 3476 desideraretur,
704 3399 821 3482 quibus
850 3421 885 3464 se
915 3421 1042 3484 sperare
1079 3399 1284 3464 confirmavit
1312 3401 1481 3464 deturbari

428 3521 521 3588 posse
543 3503 630 3564 tecta
652 3499 818 3564 Gallorum
841 3501 1042 3586 amplissima
1063 3505 1098 3564 et
1120 3501 1188 3564 solo
1210 3499 1395 3584 adaequari3
1421 3523 1481 3566 nec

429 3603 557 3666 differre
592 3601 703 3686 potuit
740 3603 848 3666 omnia
884 3603 927 3666 ad
960 3601 1040 3665 belli
1072 3623 1151 3666 usus
1182 3603 1362 3666 necessaria
1395 3623 1481 3666 com·
1579 3674 1583 3687 ff

428 3725 550 3792 parare,
577 3709 650 3770 curn
673 3707 784 3768 tantas
807 3703 945 3790 injurias
967 3707 1244 3797 contumeliasque
1267 3705 1355 3770 Galli
1379 3705 1417 3768 in
1442 3725 1480 3770 eo

430 3807 603 3894 legationis
630 3827 764 3872 munere
791 3809 821 3872 ei
847 3809 1085 3892 imposuissent.
1478 3875 1481 3878 ,

259 3933 395 3990 Ararlia·
475 3909 573 3974 Anno
601 3909 686 3994 regis
715 3911 864 3986 secunde,
892 3911 1029 3974 maximi
1052 3909 1199 3978 omnium
1223 3909 1375 3972 ordinum
1408 3929 1482 3973 con-

261 4013 330 4118 111th
337 4005 401 4082 'held
430 4015 557 4086 ventus,
592 4031 665 4074 curn
693 4009 839 4094 princeps
863 4009 1048 4076 Leioestriae
1074 4011 1272 4087 consisteret,
1295 4009 1483 4074 indiceban-

206 4193 207 4196 ,
262 4099 356 4190 cester..
430 4119 492 4178 tur.
549 4109 591 4174 In
628 4111 693 4174 illis
733 4111 873 4174 comitiis
910 4112 1011 4176 variae
1048 4113 1136 4198 leges
1173 4111 1480 4178 constituebantur:

430 4215 613 4280 sanctiones
647 4213 735 4298 prius
772 4214 850 4277 latae
884 4213 1127 4290 confirmantur,
1158 4219 1193 4278 et
1221 4216 1327 4280 multa
1360 4237 1380 4278 a
1417 4214 1483 4300 ple·

379 4383 381 4392 ,
430 4317 540 4400 risque
563 4313 620 4398 qui
643 4315 813 4378 sententiae
841 4315 1018 4378 dictionem
1039 4315 1077 4376 in
1099 4337 1137 4379 eo
1160 4321 1276 4380 senatu
1297 4316 1484 4379 habuerunt

431 4415 597 4504 proposita
618 4415 655 4478 in
676 4415 766 4478 aliud
787 4421 918 4502 tempus
944 4415 1063 4480 deferri
1084 4417 1215 4502 placuit.

475 4517 659 4598 Undecimo
682 4539 767 4582 anno
792 4517 929 4584 Henriei
952 4518 1062 4604 quarti
1084 4518 1269 4604 Anglorum
1290 4519 1383 4604 regis,
1408 4541 1482 4584 cum

430 4643 543 4686 ornnes
580 4619 704 4684 nobiles
745 4623 788 4686 ad
826 4621 957 4686 comitia
994 4643 1122 4686 summa
1159 4643 1233 4706 quae
1262 4619 1484 4684 Westmonas·

430 4725 507 4794 terii
540 4721 777 4788 celebrarentur
814 4723 999 4808 frequentes
1033 4721 1247 4798 advolassent,
1278 4715 1372 4785 venit
1400 4721 1485 4786 illud
