3400 5709
434 851 474 914 16
769 857 950 908 eremum
971 855 1132 906 nrsrorm

269 1043 523 1100 111141111111111
537 1031 646 1098 virum.
672 1053 776 1098 errore
801 1029 964 1110 liberaret,
993 1033 1036 1110 et,
1063 1030 1092 1094 si
1113 1025 1307 1114 impegisset,
1333 1025 1465 1091 consilio
1560 1034 1562 1037 ’

429 1135 561 1220 juvaret
601 1155 637 1198 oo
667 1155 794 1198 omnem
824 1133 992 1220 opinionis,
1022 1155 1087 1218 quo
1119 1131 1325 1216 deciperetur,
1362 1127 1467 1192 inani·

433 1241 537 1302 tutem
578 1237 734 1322 eriperet:
772 1257 830 1300 neo
866 1255 944 1298 vero
981 1229 1147 1298 dubitavit
1179 1232 1259 1318 quin
1291 1231 1327 1296 id
1358 1231 1400 1295 ub
1429 1251 1468 1294 eo

435 1337 618 1418 efficeretur,
649 1359 721 1400 cum
750 1337 889 1422 postoris
918 1335 1038 1420 egregii
1066 1356 1184 1400 munus
1212 1340 1296 1400 esset
1323 1335 1469 1420 polentes

435 1459 511 1504 oves
539 1439 574 1500 in
603 1437 691 1500 vium
728 1437 885 1500 reducere
941 1435 1067 1500 Placuit
1102 1437 1171 1520 regi
1198 1437 1362 1500 hominem
1396 1455 1470 1498 con·

435 1559 555 1614 vocure,
580 1557 758 1600 sermonem
780 1559 854 1600 cum
877 1557 914 1600 eo
935 1535 1137 1600 fomiiiuiiter
1160 1537 1337 1613 instituere,
1361 1541 1472 1622 postu·

434 1637 502 1700 lure
530 1657 571 1700 ne
600 1657 634 1700 se
664 1635 782 1700 divinis
810 1636 935 1722 legibus
965 1646 999 1700 et
1032 1637 1193 1701 institutis
1227 1636 1354 1700 hostem
1389 1657 1472 1722 proe-

436 1739 535 1802 beret.
582 1737 644 1802 Cui
675 1735 833 1802 maximus
870 1739 990 1824 gratias
1023 1739 1076 1802 vir
1107 1761 1250 1802 summus
1287 1737 1373 1824 egit:
1412 1761 1472 1802 nec

436 1859 513 1904 vero
550 1837 698 1904 dominus
735 1837 917 1904 Oobhomus
961 1841 1131 1916 recusavit,
1166 1840 1283 1926 scripto
1320 1841 1471 1904 exhibere

435 1937 515 2026 'quid
545 1943 583 2006 de
613 1943 701 2006 omni
733 1941 887 2026 reiigione
915 1943 1079 2022 ,sentiret3
1101 1964 1198 2027 seque
1231 1943 1316 2028 regis
1344 1943 1473 2008 celsitu-

436 2045 544 2108 dinem
567 2065 604 2108 oc
626 2041 829 2126 majestatem
859 2045 962 2109 colere
986 2045 1090 2126 unice,
1115 2067 1174 2130 pro
1203 2067 1268 2130 quo
1292 2030 1367 2108 11111
1380 2045 1475 2137 dubi·

434 2147 521 2210 toret
550 2149 687 2210 mortem
721 2149 880 2230 oppetere,
909 2144 1069 2210 affirmare
1102 2167 1170 2210 non
1200 2145 1336 2210 destitit.
1381 2145 1475 2210 Iliius
1585 2207 1586 2216 ,

435 2245 595 2308 accusatio
632 2267 652 2308 u
683 2267 758 2330 rege
797 2247 839 2308 od
878 2247 1041 2332 episcopos
1074 2247 1182 2310 deleta
1218 2251 1268 2310 est
1280 2269 1289 2323 ;
1323 2267 1397 2310 cum
1426 2249 1476 2312 itu
1585 2297 1588 2313 ,

435 2367 524 2408 more
554 2369 590 2410 uc
627 2345 860 2410 consuetudine
897 2347 985 2432 apud
1014 2346 1139 2432 Anglos
1176 2347 1399 2426 inveterasset,
1434 2371 1476 2414 ne

437 2447 607 2532 quisquam
638 2447 677 2510 de
715 2447 870 2534 religione
900 2453 959 2510 eut
991 2447 1069 2512 fidei
1106 2447 1251 2512 articulis
1288 2447 1476 2534 disputaret,
1584 2528 1586 2531 Ι

435 2555 494 2614 out
523 2549 756 2634 proseminatus
791 2551 829 2614 de
867 2549 935 2612 ullo
970 2555 1065 2636 purte
1100 2549 1266 2636 religionis
1304 2550 1478 2636 opiniones

435 2655 594 2736 quantum
631 2651 780 2714 veritatis
814 2671 1019 2736 unoquaeque
1051 2652 1239 2731 contineret,
1269 2651 1478 2731 examinaret,

435 2753 491 2836 qui
513 2753 610 2816 sceris
632 2773 700 2816 non
722 2755 805 2816 esset
827 2753 985 2817 initiatus.

267 2869 393 2922 Oldcastle
472 2853 618 2930 intereo,
645 2855 724 2918 dum
747 2875 786 2918 eu
807 2855 986 2918 studiosius
1009 2855 1199 2930 efficiuntur,
1225 2853 1376 2918 dominus
1395 2853 1481 2919 Gob-

265 2939 409 3054 {fflsted
434 2957 551 3020 humus
574 2957 611 3018 in
634 2955 771 3020 Turrem
795 2957 1037 3020 Londinensem
1062 2957 1262 3034 includitur3
1295 2957 1355 3020 ubi
1379 2978 1484 3020 remae
1588 3006 1590 3009 -

266 3071 363 3122 Touer.
434 3079 511 3122 nere
526 3053 637 3140 jussus
657 3077 676 3120 u
697 3057 848 3142 principe,
876 3057 983 3140 quoad
1003 3057 1166 3142 opinionis
1185 3057 1367 3136 veritatem,
1392 3059 1484 3142 cujus

435 3159 654 3224 defensionem
685 3159 885 3242 suscepisset,
916 3157 1187 3242 Archiepiscopus
1218 3179 1286 3220 unu
1315 3179 1389 3222 cum
1418 3161 1485 3222 suis

265 3285 361 3350 clergy
433 3261 622 3326 invenisset.
669 3259 733 3324 Die
767 3259 948 3324 constituto
977 3263 1160 3322 conventus
1185 3259 1372 3324 clericorum
1402 3259 1487 3324 Lon-

264 3353 396 3478 {iffi}
434 3363 505 3426 dini
534 3363 582 3440 fit,
612 3361 649 3424 in
681 3361 750 3426 rede
780 3359 862 3424 Divi
888 3359 1004 3438 Pouli3
1026 3383 1087 3424 nec
1117 3361 1223 3424 multo
1245 3367 1319 3446 post
1348 3361 1386 3422 in
1412 3361 1487 3424 aulo

265 3483 343 3548 Sept‘.
433 3461 605 3536 Fratribus
643 3461 757 3548 Nigris
795 3461 951 3538 dedicata,
990 3467 1234 3546 congregantur.
1301 3461 1487 3526 Oobhomus
1581 3513 1585 3539 ,

432 3563 628 3642 adducitur3
666 3563 736 3646 ejus
774 3563 971 3628 sententium
998 3567 1032 3626 et
1063 3563 1249 3646 opinionem
1280 3563 1320 3626 de
1352 3563 1488 3648 singulis

432 3665 644 3730 sciscitentur.
695 3665 760 3744 Qui
789 3687 864 3728 cum
885 3665 988 3728 libere
1014 3665 1216 3750 exposuisset
1249 3665 1352 3728 animi
1377 3686 1490 3728 sensus
1583 3696 1585 3699 ·

432 3773 467 3832 et
498 3767 640 3852 cogitatu
670 3767 789 3830 mentis
813 3767 1001 3852 aperuisset,
1024 3765 1294 3852 Archiepisoopus
1317 3765 1490 3830 0111111111-
1578 3757 1581 3798 ³

433 3869 526 3944 ensis,
554 3869 634 3952 quid
660 3867 697 3932 in
719 3867 875 3954 religione
897 3868 1060 3932 sincerum
1086 3873 1172 3932 esset
1201 3871 1236 3930 et
1266 3869 1490 3952 incorruptum
1574 3876 1577 3890 ’

434 3971 595 4056 ignorans,
636 3969 763 4034 decreto
802 3973 836 4034 et
874 3969 1038 4034 sententio
1074 3989 1141 4046 sua,
1180 3989 1254 4054 quae
1293 3991 1314 4032 u
1352 3969 1492 4035 veritate

265 4097 392 4154 Oldeastle
435 4071 577 4134 multum
608 4069 722 4146 obfuit,
756 4069 962 4134 Oobhumum
991 4069 1182 4134 hoereticum
1211 4071 1427 4154 pronuntiut3
1460 4075 1495 4134 et
1575 4055 1578 4104 ¹³

263 4159 548 4282 ugnogeedtamen
569 4171 598 4232 is
630 4193 703 4232 eum
727 4169 914 4256 opinionem
938 4175 1068 4234 secutus
1090 4175 1141 4236 est
1163 4193 1238 4256 quoe
1257 4171 1359 4236 verbo
1383 4171 1496 4236 divino
1580 4198 1586 4247 ς,

264 4251 281 4286 a
309 4245 394 4282 erere.
435 4271 602 4348 niteretur,
627 4293 688 4336 nec
711 4271 882 4336 hominum
907 4271 1034 4356 judicio
1063 4295 1209 4358 unquam
1233 4273 1419 4338 confirmari
1440 4295 1497 4338 ne-
1579 4320 1584 4363 5

437 4395 522 4438 cesse
544 4373 616 4436 11111.
1579 4378 1582 4381 ‘

265 4507 376 4570 Empe,
483 4475 643 4538 Dominus
675 4473 863 4540 Oobhumus
892 4475 937 4540 ad
966 4475 1104 4540 Turrem
1131 4475 1379 4554 Londinensem,
1402 4475 1498 4560 jussu

267 4575 334 4622 from
344 4571 388 4650 the
438 4575 689 4662 Archiepisoopi‚
715 4577 908 4642 deducitur:
942 4577 1001 4642 sed
1023 4577 1100 4641 inde
1125 4577 1232 4640 evasit
1257 4583 1358 4664 etque
1384 4599 1402 4640 e
1428 4599 1499 4640 oar·-
1574 4627 1575 4660 ,

268 4643 364 4760 iiidice.
438 4701 509 4746 cere
548 4679 683 4746 eductus
720 4685 776 4760 est,
812 4679 867 4746 vel
899 4679 1078 4746 amicorum
1115 4679 1267 4766 praesidio
1311 4684 1419 4742 tectus
1456 4681 1500 4763 Uet
1576 4710 1580 4727 -
