3400 5709
441 861 482 926 18
715 855 718 860 ’
768 855 956 924 'nennium
982 872 1142 924 nrsronn

276 1049 345 1110 nn).
359 1049 566 1128 141³·ornati3
595 1049 651 1112 sed
685 1047 876 1124 Oobhamus,
914 1049 972 1134 qni
1005 1047 1079 1112 illas
1114 1043 1253 1131 ineptias
1286 1043 1372 1109 ferre
1407 1065 1473 1106 non

441 1151 556 1236 potuit,
588 1169 696 1214 omnes
726 1171 835 1214 rerum
870 1151 1016 1214 inanium
1051 1147 1170 1212 formas
1199 1145 1371 1222 abraserat,
1401 1167 1475 1208 cum

441 1253 523 1316 nihil
552 1253 588 1316 in
616 1251 661 1316 eis
684 1251 814 1316 inesset
828 1252 914 1334 quod
934 1253 979 1316 'ad
1001 1247 1165 1334 religionis
1190 1247 1396 1315 sanctitatem
1416 1247 1476 1310 im-

441 1355 581 1440 pelleret.
635 1351 715 1416 Fuit
752 1353 881 1436 quidem
917 1353 954 1414 in
988 1351 1054 1414 illis
1089 1351 1213 1416 umbris
1249 1352 1337 1436 qnod
1372 1373 1477 1416 errore

441 1453 605 1538 imperitos
632 1453 790 1536 deciperet
808 1455 857 1516 'ao
880 1453 918 1514 in
939 1451 1086 1514 fraudem
1108 1452 1294 1538 impelleret.
1338 1451 1478 1516 Abbatis

441 1553 586 1616 11111111
610 1551 693 1616 illud
717 1553 860 1616 maxime
885 1551 1076 1628 offendebat,
1101 1553 1187 1638 quod
1212 1577 1327 1638 pannn
1350 1553 1480 1618 honori-

440 1655 500 1718 fice
537 1651 720 1716 Oobharnus
759 1653 799 1716 de
837 1651 943 1716 Maria
978 1653 1123 1738 Virgine,
1158 1655 1290 1718 domina
1326 1655 1479 1732 omnium,

441 1753 607 1818 videretur
628 1753 754 1818 sentire.
800 1751 916 1818 litura
937 1754 975 1816 in
995 1753 1083 1818 illius
1111 1755 1250 1832 nomine,
1278 1777 1315 1820 ao
1345 1756 1481 1820 aliorum

441 1855 599 1920 Diuorum
622 1857 678 1940 qui
702 1877 719 1920 e
743 1855 829 1920 vivis
852 1859 1061 1934 excesserant,
1079 1853 1166 1920 faeta
1188 1855 1226 1919 in
1243 1855 1376 1920 Litania
1392 1858 1484 1922 inve-

440 1957 598 2036 niebatur,
624 1959 724 2022 donee
755 1957 798 2022 aa
834 1979 910 2022 eum
931 1979 1062 2023 versum
1087 1957 1317 2042 perveniretur,
1345 1966 1363 1992 “
1385 1957 1484 2024 Parce

440 2061 532 2124 nobis
549 2059 715 2124 Domine.”
756 2057 918 2124 Nonnihil
936 2061 977 2124 de
999 2059 1136 2144 virginis
1158 2059 1318 2144 dignitate
1340 2081 1379 2124 ac
1397 2081 1486 2124 sanc-

440 2165 549 2226 torum
588 2161 710 2226 honore
749 2161 932 2224 detractum
969 2161 1012 2223 ab
1048 2159 1106 2222 illo
1142 2159 1214 2224 fnit.
1273 2161 1375 2226 Unde
1410 2163 1487 2226 hinc

439 2263 592 2348 lacryma
629 2283 740 2326 omnes
771 2267 805 2326 et
834 2262 1005 2348 tragoediae
1035 2261 1070 2324 in
1100 2261 1331 2326 monachorum
1360 2267 1396 2328 et
1422 2263 1487 2328 fra

440 2369 529 2426 11111
552 2363 634 2428 aulis
657 2363 890 2428 excitabantur.
1007 2366 1009 2369 ’

485 2465 556 2530 Ista
571 2465 729 2530 iuvidiam
750 2465 876 2530 homini
890 2465 1013 2552 optimo
1036 2471 1070 2530 et
1086 2487 1175 2530 verae
1193 2465 1328 2552 pietatis
1341 2467 1489 2532 studioso

440 2567 631 2646 conflarunt,
654 2567 690 2630 in
712 2563 809 2652 quern
838 2589 953 2654 greges
983 2567 1191 2654 Papistarum
1219 2567 1268 2632 ita
1297 2574 1490 2634 exarserunt

440 2675 478 2734 ut
500 2669 583 2734 nihil
606 2669 694 2756 prius
717 2691 816 2754 quam
835 2691 911 2734 eum
930 2669 1113 2734 extinctum
1135 2675 1294 2755 optarent
1340 2669 1411 2734 Neo
1434 2671 1491 2735 diu

271 2767 389 2884 ffisefflp
439 2771 467 2834 is
490 2771 659 2836 incolumis
681 2771 860 2858 permansit
882 2777 941 2836 aut
958 2771 1039 2836 vitae
1052 2793 1186 2836 usuram
1199 2771 1323 2836 habuit
1368 2771 1493 2858 Depre

273 2851 314 2966 Ar
309 2851 340 2964 13
357 2919 426 2966 1417
440 2873 582 2938 hensus'
574 2897 610 2936 1n
624 2873 744 2938 finibus
759 2873 954 2950 1111111111
975 2873 1119 2937 dominio
1143 2873 1268 2936 domini
1282 2873 1405 2949 Powes,
1425 2895 1493 2936 non

440 2975 509 3040 sine
536 2977 714 3041 multorum
741 2975 890 3062 periculo,
915 2976 995 3040 vitae
1030 2975 1223 3052 discrimine,
1247 2975 1493 3040 nonnullorum-

441 3099 503 3164 que
528 3077 620 3144 oaede.
668 3077 784 3142 Multis
810 3077 1031 3142 vulneribus
1021 3101 1091 3164 ipse
1113 3077 1250 3142 affectus
1273 3077 1452 3142 -deducicur
1473 3101 1494 3140 a

441 3179 572 3244 domino
603 3179 718 3244 Powes
750 3179 793 3244 ad
825 3179 940 3244 ducem
974 3179 1167 3253 Bedfordiaa
1188 3181 1257 3265 qui
1290 3185 1372 3243 tune
1400 3179 1494 3266 regni

440 3281 542 3346 totius
579 3303 690 3346 curarn
736 3287 769 3344 et
809 3281 1077 3366 procurationem,
1116 3301 1206 3366 rege·
1236 3281 1494 3356 1111111111-

272 3407 402 3458 ThePar·
440 3387 575 3468 ceperat.
623 3379 756 3446 Omnes
770 3383 933 3446 nobilium
962 3383 1091 3446 ordines
1121 3404 1160 3446 eo
1188 3387 1336 3468 tempore
1365 3400 1495 3469 congre-

271 3475 376 3590 111ξοῖἓέ
382 3547 408 3590 to
440 3485 610 3570 gahamon,
645 3483 801 3548 atriano
834 3505 873 3548 ac
903 3485 1064 3548 rationem
1096 3485 1240 3568 aliquam
1272 3485 1496 3568 excogitarent

271 3609 402 3658 hearhin
440 3609 505 3672 qua
534 3587 687 3652 facillime
718 3587 891 3674 pecuniam
928 3593 1154 3674 compararent
1191 3587 1235 3650 ad
1270 3587 1350 3650 belli
1380 3585 1496 3650 Gallici

439 3695 589 3776 sumptus
628 3689 841 3766 sustinendos,
882 3689 971 3776 quod
1005 3689 1187 3754 indictum
1201 3689 1292 3776 prins
1324 3711 1386 3754 rex
1417 3695 1497 3752 tune

438 3797 572 3878 gereret.
634 3791 859 3856 Inhumanum
894 3791 1077 3856 videbatur
1108 3814 1202 3854 reum
1239 3813 1337 3854 causa
1372 3791 1497 3854 indicta

439 3893 647 3958 condemnari
663 3899 696 3958 et
718 3893 762 3958 ad
782 3893 944 3980 supplicia
958 3892 1055 3972 duci3
1076 3899 1206 3956 naturae
1227 3893 1289 3970 lex,
1310 3893 1364 3958 cui
1381 3915 1499 3956 omnes

438 4019 551 4080 parere
586 3995 714 4074 debent,
741 4017 808 4058 non
837 3995 972 4080 patitur,
1002 4017 1063 4060 nee
1091 3995 1157 4058 fert
1185 3995 1393 4072 humanitas,
1408 3995 1500 4059 nulla

439 4097 634 4160 defensionis
669 4097 796 4160 ratione
815 4097 1007 4182 «proposita,
1046 4098 1101 4160 vel
1137 4103 1290 4160 nocentes
1327 4119 1499 4182 poenarum

438 4199 666 4282 magnitudine
689 4219 709 4260 a
741 4195 901 4262 maleficio
924 4197 1085 4262 deterrere
1108 4203 1168 4262 aut
1188 4199 1331 4262 nefarios
1352 4199 1500 4264 homines
1602 4205 1605 4208 ’

438 4299 604 4384 suppliciis
637 4319 791 4376 coercere,
828 4303 1007 4382 antequam
1037 4299 1154 4384 capitis
1182 4305 1340 4385 patronos
1369 4300 1502 4384 conqui-

438 4403 577 4466 siverint
610 4403 673 4486 'qui
708 4419 820 4466 eorum
840 4399 983 4466 ¹causam
1016 4401 1151 4466 liberius
1180 4407 1314 4488 agant..
1344 4401 1443 4466 More
1468 4409 1503 4466 et

438 4505 673 4568 consuetudine
721 4503 810 4588 apud
858 4525 984 4572 omnes
1016 4509 1184 4590 receptum
1233 4509 1292 4578 est,
1332 4525 1502 4568 causarum

438 4607 677 4672 concertatione
708 4605 814 4684 facta,
840 4605 968 4691 quidj
972 4605 1049 4670 uris
1077 4605 1115 4670 in
1150 4601 1291 4688 utraque
1328 4609 1423 4690 parte
1459 4605 1504 4705 sit

410 4711 613 4778 videre
702 4711 703 4716 ’
876 4758 894 4763 .,
1433 4769 1436 4772 ,
1530 4742 1538 4754 .
