3400 5709
690 865 835 914 rrrmuor
857 857 911 914 ,a
1280 857 1322 918 13

284 1035 547 1100 clementissimus
573 1055 639 1098 non
669 1033 914 1120 comprobasset
961 1031 995 1096 Is
1018 1032 1119 1118 igitur
1143 1055 1217 1097 cum
1239 1035 1321 1098 mul-
1334 1055 1402 1106 ΑΒ,
1416 1059 1487 1104 1413,

282 1137 424 1202 titudine
454 1157 625 1222 procerum,
657 1135 824 1214 nobilium,
857 1139 890 1198 et
920 1135 1064 1199 omnium
1095 1135 1244 1198 ordinum
1273 1137 1322 1200 ita

281 1239 401 1324 egit-
828 1271 829 1274 ¹

325 1337 502 1402 “Intuenti
525 1337 605 1402 mihi
626 1337 661 1402 in
695 1359 836 1404 summos
864 1337 1025 1424 principes
1050 1337 1167 1422 quibus
1192 1359 1226 1402 se
1254 1360 1319 1402 res-
1331 1349 1379 1400 His
1390 1353 1433 1400 aa·

98 1473 100 1478 ’
180 1485 181 1488 ¹
277 1441 406 1526 publica
440 1441 641 1516 commiserit,
677 1445 710 1504 et
744 1439 957 1526 amplissimos
987 1439 1074 1504 viros
1116 1439 1172 1524 qui
1209 1439 1319 1502 oblata
1329 1419 1477 1550 mai}

276 1541 396 1616 civium
420 1563 575 1604 consensu
596 1541 732 1626 imperia
753 1547 950 1617 recusarunt,
973 1541 1058 1604 nihil
1086 1563 1231 1626 unquam
1257 1541 1462 1604 dis-theduties

274 1643 390 1706 ficilius
411 1643 583 1706 videbatur
609 1665 706 1726 quarn
736 1643 784 1706 ita
808 1665 841 1708 se
868 1644 1046 1720 instituere,
1070 1665 1112 1706 ne
1134 1643 1213 1728 quid
1233 1617 1475 1706 commanere.

274 1745 388 1808 mittat
425 1745 510 1830 quod
547 1745 656 1832 populi
695 1745 769 1810 odia
810 1745 953 1810 concitet
994 1751 1064 1810 aue
1096 1745 1317 1808 multitudinis

273 1847 398 1910 animos
428 1845 577 1910 offendat.
634 1845 749 1930 Neque
786 1847 874 1910 enim
908 1847 995 1910 illius
1033 1846 1202 1910 dominatu
1229 1867 1317 1930 pros-

273 1969 347 2032 pere
370 1951 404 2010 et
427 1945 563 2010 feliciter
586 1947 689 2010 teneri
722 1951 860 2030 possunt
884 1947 1000 2021 omnia,
1026 1945 1083 2030 qui
1105 1946 1316 2030 cogitationes

273 2069 346 2112 suas
376 2047 413 2110 in
444 2069 493 2110 res
524 2047 620 2124 leues,
645 2069 781 2132 quarum
811 2049 968 2110 memoria
995 2046 1103 2110 brevis
1129 2047 1241 2110 futura
1263 2049 1315 2124 sit,

272 2147 430 2234 abjecerit.
477 2147 633 2212 Praeclare
663 2147 793 2234 quidem
823 2147 956 2228 faciunt,
984 2149 1043 2234 qui
1065 2149 1229 2234 voluptati
1250 2149 1318 2212 bel-

271 2249 339 2314 lum
369 2249 524 2328 indicunt,
552 2255 725 2336 postquam
756 2251 1009 2316 dominationem
1039 2256 1117 2314 sunt
1146 2251 1316 2334 consecuti.

272 2351 461 2436 Repellendi
498 2375 517 2414 a
558 2351 784 2436 gubernaculis
829 2351 959 2428 civium,
996 2351 1113 2436 quibus
1157 2351 1318 2436 cupiditas

270 2473 378 2516 rerum
407 2453 554 2516 inanium
584 2453 697 2538 placet,
731 2475 768 2516 ac
799 2451 1011 2536 Sardanapali
1040 2475 1145 2516 mores
1174 2457 1209 2516 ct
1237 2453 1317 2516 vitae

270 2553 422 2616 instituta
452 2557 639 2636 sequuntur.
695 2553 860 2638 Principes
891 2553 950 2630 illi,
977 2573 1116 2636 quorum
1145 2553 1217 2618 vita
1244 2553 1318 2616 lite-

269 2675 379 2718 rarum
408 2653 563 2718 memoria
593 2653 781 2732 celebratur,
808 2675 976 2738 nunquam
1005 2675 1025 2714 a
1054 2653 1177 2716 civium
1203 2652 1319 2738 guber-

269 2755 400 2820 natione
430 2753 627 2840 refirgenmt,
664 2755 742 2838 quia
771 2775 886 2840 parum
911 2753 1056 2840 jucunda
1086 2759 1145 2816 aut
1172 2753 1317 2816 insuavis

269 2856 325 2919 illa
348 2857 418 2922 vita
438 2861 523 2920 esset
546 2879 619 2940 quae
641 2855 678 2918 in
699 2855 838 2940 negotiis
860 2855 998 2942 publicis
1018 2855 1236 2934 consumitur3
1260 2855 1317 2918 sed

189 2983 190 2986 ¹
270 2957 356 3040 quod
387 2979 425 3020 ea
455 2961 539 3020 esset
568 2955 660 3042 regni
690 2955 832 3020 conditio
864 2961 899 3020 et
929 2957 1057 3040 imperii
1085 2957 1179 3034 ratic,
1206 2961 1246 3020 ut
1275 2977 1316 3020 ex

269 3079 305 3122 eo
333 3062 544 3142 sequerentur
573 3057 712 3122 infinitae
742 3057 909 3134 molestiae,
937 3058 1130 3136 anxietates,
1158 3064 1192 3122 et
1222 3077 1315 3134 curae,

268 3181 340 3242 quae
379 3159 524 3224 animum
555 3159 753 3224 conficerent.
801 3157 908 3236 Quam
938 3157 1067 3222 difficile
1099 3159 1144 3222 sit
1172 3179 1317 3246 praeesse,

267 3262 468 3326 eruditorum
493 3265 704 3326 monumenta
735 3261 906 3324 declarant.
952 3260 1144 3346 Seponenda
1165 3261 1318 3325 universa

267 3383 339 3446 quae
369 3363 459 3446 prius
489 3363 702 3446 placuerunt3
734 3363 772 3426 de
802 3363 896 3446 regni
921 3363 1060 3448 negotiis
1087 3363 1318 3446 cogitandum

265 3463 475 3548 vigilandum,
508 3463 698 3540 sudandum,
731 3485 772 3526 ne
803 3463 883 3548 quid
912 3463 1144 3548 rempublicam
1175 3465 1316 3548 dissipet.

265 3563 468 3628 Perferendae
491 3569 568 3626 sunt
590 3585 698 3626 rerum
720 3563 901 3626 multarum
920 3565 1088 3641 molestiae,
1107 3565 1318 3648 suscipiendae

264 3687 355 3740 curae,
376 3687 418 3728 ue
439 3665 519 3748 quid
540 3663 681 3728 subditis
705 3665 799 3742 desit,
815 3665 905 3746 quod
923 3665 977 3728 vel
998 3665 1042 3728 ad
1062 3685 1141 3728 usus
1161 3665 1241 3728 vitae
1264 3665 1316 3728 vel

264 3767 307 3830 ad
328 3787 481 3852 pompam
504 3755 543 3830 et
561 3765 763 3850 splendorem
786 3765 829 3828 sit
850 3767 1072 3830 necessarium.

310 3869 460 3932 “Verum
474 3867 539 3932 ista
553 3867 706 3932 universa
727 3865 845 3932 melius
868 3873 919 3932 est
940 3887 959 3930 e
979 3867 1318 3952 scriptiseruditorum

264 3969 331 4054 peti
347 3991 445 4054 quam
468 3969 702 4034 orationemea
720 3969 870 4032 enarrari.
918 3967 1002 4032 Mihi
1021 3969 1087 4034 fuit
1103 3971 1315 4054 propositum,

263 4073 341 4154 quid
366 4093 385 4134 a
407 4071 501 4136 vobis
525 4071 685 4136 universis
709 4071 854 4136 factitari
876 4071 1004 4150 vellem,
1029 4091 1165 4156 quaeque
1189 4071 1232 4134 ad
1254 4069 1316 4136 rei-

257 4173 400 4256 publicae
437 4173 695 4238 incolumitatem
734 4177 925 4258 spectarent,
962 4172 1101 4236 dictione
1134 4172 1313 4258 complecti.

263 4271 346 4336 Oum
379 4277 564 4358 praepotens
593 4271 651 4336 illa
680 4277 807 4350 natura,
840 4273 931 4337 Deus
965 4273 1109 4358 optimus
1141 4274 1313 4350 maximus,

261 4373 352 4456 cujus
382 4379 467 4436 nutu
506 4379 540 4436 et
569 4373 705 4458 imperio
736 4373 845 4438 omnia
875 4366 1106 4460 pubemantur,
1138 4365 1315 4439 merobis

165 4521 166 4524 ,
258 4475 445 4558 praefecerit,
477 4475 622 4560 graviter
651 4475 687 4540 in
717 4481 869 4538 naturam
907 4475 1053 4540 divinam
1083 4499 1254 4562 peccarem,
1285 4475 1314 4538 si

259 4577 363 4640 omnis
388 4577 494 4640 cautio
521 4597 587 4640 non
613 4573 855 4660 adjungeretur,
880 4597 923 4640 ne
952 4577 1142 4660 opinionum
1169 4577 1313 4640 inanitas

214 4667 215 4670 '
258 4675 423 4760 religionis
453 4675 661 4742 sanctitatem
693 4677 850 4754 inficeret,
880 4674 1031 4742 divim
1060 4677 1185 4740 cultum
1208 4675 1314 4740 homi-
