<?xml version="1.0" encoding="UTF-8"?>
<!DOCTYPE html PUBLIC "-//W3C//DTD XHTML 1.0 Transitional//EN"
    "http://www.w3.org/TR/xhtml1/DTD/xhtml1-transitional.dtd">
<html xmlns="http://www.w3.org/1999/xhtml" xml:lang="en" lang="en">
 <head>
  <title>
</title>
<meta http-equiv="Content-Type" content="text/html;charset=utf-8" />
  <meta name='ocr-system' content='tesseract 3.04.00' />
  <meta name='ocr-capabilities' content='ocr_page ocr_carea ocr_par ocr_line ocrx_word'/>
</head>
<body>
  <div class='ocr_page' id='page_1' title='image "./henriciquintiil00redmgoog_0106.png"; bbox 0 0 3400 5709; ppageno 0'>
   <div class='ocr_carea' id='block_1_1' title="bbox 448 843 1150 912">
    <p class='ocr_par' dir='ltr' id='par_1_1' title="bbox 448 843 1150 912">
     <span class='ocr_line' id='line_1_1' title="bbox 448 843 1150 912; baseline -0.006 -10"><span class='ocrx_word' id='word_1_1' title='bbox 448 843 489 912; x_wconf 76' lang='lat'>332</span> <span class='ocrx_word' id='word_1_2' title='bbox 783 851 965 902; x_wconf 80' lang='grc'><strong>1111111111</strong></span> <span class='ocrx_word' id='word_1_3' title='bbox 987 848 1150 900; x_wconf 78' lang='lat' dir='ltr'>meroem</span> 
     </span>
    </p>
   </div>
   <div class='ocr_carea' id='block_1_2' title="bbox 210 1023 1496 3576">
    <p class='ocr_par' dir='ltr' id='par_1_2' title="bbox 277 1023 1490 2230">
     <span class='ocr_line' id='line_1_2' title="bbox 281 1023 1484 1108; baseline 0 -20"><span class='ocrx_word' id='word_1_4' title='bbox 281 1033 347 1088; x_wconf 72' lang='grc'><strong>11),</strong></span> <span class='ocrx_word' id='word_1_5' title='bbox 362 1039 433 1086; x_wconf 81' lang='lat'>1414.</span> <span class='ocrx_word' id='word_1_6' title='bbox 492 1025 574 1088; x_wconf 73' lang='lat' dir='ltr'>(lum</span> <span class='ocrx_word' id='word_1_7' title='bbox 607 1025 781 1090; x_wconf 76' lang='lat' dir='ltr'><strong>incolumes</strong></span> <span class='ocrx_word' id='word_1_8' title='bbox 808 1025 911 1088; x_wconf 87' lang='lat' dir='ltr'>nostri</span> <span class='ocrx_word' id='word_1_9' title='bbox 940 1024 1085 1088; x_wconf 88' lang='lat' dir='ltr'>homines</span> <span class='ocrx_word' id='word_1_10' title='bbox 1117 1023 1293 1099; x_wconf 75' lang='lat' dir='ltr'>rediissent,</span> <span class='ocrx_word' id='word_1_11' title='bbox 1323 1023 1484 1108; x_wconf 73' lang='lat' dir='ltr'>frequenti</span> 
     </span>
     <span class='ocr_line' id='line_1_3' title="bbox 444 1127 1484 1214; baseline -0.002 -22"><span class='ocrx_word' id='word_1_12' title='bbox 444 1131 560 1192; x_wconf 86' lang='lat' dir='ltr'>senatu</span> <span class='ocrx_word' id='word_1_13' title='bbox 581 1127 751 1214; x_wconf 77' lang='lat' dir='ltr'>legationis</span> <span class='ocrx_word' id='word_1_14' title='bbox 772 1127 863 1192; x_wconf 84' lang='lat' dir='ltr'>initae</span> <span class='ocrx_word' id='word_1_15' title='bbox 884 1127 1043 1192; x_wconf 86' lang='lat' dir='ltr'>rationem</span> <span class='ocrx_word' id='word_1_16' title='bbox 1065 1130 1289 1212; x_wconf 82' lang='lat' dir='ltr'>exposuerunt.</span> <span class='ocrx_word' id='word_1_17' title='bbox 1333 1127 1384 1190; x_wconf 78' lang='lat' dir='ltr'>Eo</span> <span class='ocrx_word' id='word_1_18' title='bbox 1403 1131 1484 1192; x_wconf 59' lang='lat' dir='ltr'>temss</span> 
     </span>
     <span class='ocr_line' id='line_1_4' title="bbox 279 1223 1485 1316; baseline -0.002 -22"><span class='ocrx_word' id='word_1_19' title='bbox 279 1223 405 1278; x_wconf 75' lang='lat' dir='ltr'>Mearm-es</span> <span class='ocrx_word' id='word_1_20' title='bbox 445 1253 522 1316; x_wconf 88' lang='lat' dir='ltr'>pore</span> <span class='ocrx_word' id='word_1_21' title='bbox 559 1251 622 1316; x_wconf 89' lang='lat' dir='ltr'>quo</span> <span class='ocrx_word' id='word_1_22' title='bbox 658 1229 727 1294; x_wconf 88' lang='lat' dir='ltr'>haec</span> <span class='ocrx_word' id='word_1_23' title='bbox 763 1227 915 1294; x_wconf 83' lang='lat' dir='ltr'>universa</span> <span class='ocrx_word' id='word_1_24' title='bbox 950 1234 1130 1316; x_wconf 80' lang='lat' dir='ltr'>agerentur,</span> <span class='ocrx_word' id='word_1_25' title='bbox 1167 1229 1280 1316; x_wconf 80' lang='lat' dir='ltr'>ingens</span> <span class='ocrx_word' id='word_1_26' title='bbox 1317 1228 1485 1294; x_wconf 79' lang='lat' dir='ltr'>Gallorum</span> 
     </span>
     <span class='ocr_line' id='line_1_5' title="bbox 279 1307 1487 1422; baseline 0 -26"><span class='ocrx_word' id='word_1_27' title='bbox 279 1307 426 1422; x_wconf 69' lang='lat' dir='ltr'>agaldstrhe</span> <span class='ocrx_word' id='word_1_28' title='bbox 445 1331 620 1396; x_wconf 87' lang='lat' dir='ltr'>multitudo</span> <span class='ocrx_word' id='word_1_29' title='bbox 649 1333 685 1396; x_wconf 90' lang='lat' dir='ltr'>in</span> <span class='ocrx_word' id='word_1_30' title='bbox 718 1333 872 1418; x_wconf 78' lang='lat' dir='ltr'>Angliam</span> <span class='ocrx_word' id='word_1_31' title='bbox 894 1333 1073 1416; x_wconf 74' lang='lat' dir='ltr'>irrepserat,</span> <span class='ocrx_word' id='word_1_32' title='bbox 1104 1331 1167 1416; x_wconf 91' lang='lat' dir='ltr'>qui,</span> <span class='ocrx_word' id='word_1_33' title='bbox 1199 1331 1294 1396; x_wconf 82' lang='lat' dir='ltr'>sacris</span> <span class='ocrx_word' id='word_1_34' title='bbox 1323 1331 1487 1418; x_wconf 79' lang='lat' dir='ltr'>mysteriis</span> 
     </span>
     <span class='ocr_line' id='line_1_6' title="bbox 278 1425 1487 1540; baseline 0.002 -44"><span class='ocrx_word' id='word_1_35' title='bbox 278 1425 404 1540; x_wconf 55' lang='lat' dir='ltr'>dieiffioei</span> <span class='ocrx_word' id='word_1_36' title='bbox 444 1433 574 1510; x_wconf 89' lang='lat' dir='ltr'>initiati,</span> <span class='ocrx_word' id='word_1_37' title='bbox 595 1435 686 1498; x_wconf 88' lang='lat' dir='ltr'>nulla</span> <span class='ocrx_word' id='word_1_38' title='bbox 701 1433 860 1520; x_wconf 75' lang='lat' dir='ltr'>dignitate</span> <span class='ocrx_word' id='word_1_39' title='bbox 882 1439 941 1496; x_wconf 88' lang='lat' dir='ltr'>aut</span> <span class='ocrx_word' id='word_1_40' title='bbox 962 1433 1083 1496; x_wconf 89' lang='lat' dir='ltr'>honore</span> <span class='ocrx_word' id='word_1_41' title='bbox 1104 1440 1276 1498; x_wconf 84' lang='grc'><strong>1111111111</strong></span> <span class='ocrx_word' id='word_1_42' title='bbox 1290 1435 1346 1518; x_wconf 89' lang='lat' dir='ltr'>qui</span> <span class='ocrx_word' id='word_1_43' title='bbox 1367 1435 1487 1498; x_wconf 88' lang='lat' dir='ltr'>nostris</span> 
     </span>
     <span class='ocr_line' id='line_1_7' title="bbox 278 1533 1488 1620; baseline 0.002 -23"><span class='ocrx_word' id='word_1_44' title='bbox 278 1557 376 1608; x_wconf 72' lang='lat' dir='ltr'>Freneh</span> <span class='ocrx_word' id='word_1_45' title='bbox 445 1533 627 1598; x_wconf 88' lang='lat' dir='ltr'>hominibus</span> <span class='ocrx_word' id='word_1_46' title='bbox 649 1557 792 1618; x_wconf 84' lang='lat' dir='ltr'>unquam</span> <span class='ocrx_word' id='word_1_47' title='bbox 813 1535 941 1620; x_wconf 88' lang='lat' dir='ltr'>patuit:</span> <span class='ocrx_word' id='word_1_48' title='bbox 964 1535 1022 1598; x_wconf 90' lang='lat' dir='ltr'>sed</span> <span class='ocrx_word' id='word_1_49' title='bbox 1043 1557 1115 1598; x_wconf 88' lang='lat' dir='ltr'>cum</span> <span class='ocrx_word' id='word_1_50' title='bbox 1132 1559 1193 1600; x_wconf 85' lang='lat' dir='ltr'>rex</span> <span class='ocrx_word' id='word_1_51' title='bbox 1206 1535 1488 1600; x_wconf 86' lang='lat' dir='ltr'>animadvertisset</span> 
     </span>
     <span class='ocr_line' id='line_1_8' title="bbox 277 1631 1488 1724; baseline 0.002 -26"><span class='ocrx_word' id='word_1_52' title='bbox 277 1631 417 1690; x_wconf 64' lang='lat' dir='ltr'>parentare.</span> <span class='ocrx_word' id='word_1_53' title='bbox 444 1635 574 1718; x_wconf 87' lang='lat' dir='ltr'>spoliari</span> <span class='ocrx_word' id='word_1_54' title='bbox 609 1635 747 1700; x_wconf 82' lang='lat' dir='ltr'>fortunis</span> <span class='ocrx_word' id='word_1_55' title='bbox 785 1637 953 1712; x_wconf 72' lang='lat' dir='ltr'>tenuiores</span> <span class='ocrx_word' id='word_1_56' title='bbox 998 1641 1033 1700; x_wconf 91' lang='lat' dir='ltr'>et</span> <span class='ocrx_word' id='word_1_57' title='bbox 1074 1657 1186 1700; x_wconf 88' lang='lat' dir='ltr'>earum</span> <span class='ocrx_word' id='word_1_58' title='bbox 1225 1659 1333 1702; x_wconf 88' lang='lat' dir='ltr'>rerum</span> <span class='ocrx_word' id='word_1_59' title='bbox 1373 1659 1488 1724; x_wconf 84' lang='lat' dir='ltr'>expor-</span> 
     </span>
     <span class='ocr_line' id='line_1_9' title="bbox 443 1737 1486 1824; baseline 0.002 -24"><span class='ocrx_word' id='word_1_60' title='bbox 443 1737 600 1802; x_wconf 78' lang='lat' dir='ltr'>tationem</span> <span class='ocrx_word' id='word_1_61' title='bbox 624 1757 689 1802; x_wconf 87' lang='lat' dir='ltr'>esse</span> <span class='ocrx_word' id='word_1_62' title='bbox 712 1737 829 1822; x_wconf 85' lang='lat' dir='ltr'>quibus</span> <span class='ocrx_word' id='word_1_63' title='bbox 864 1739 963 1802; x_wconf 88' lang='lat' dir='ltr'>multi</span> <span class='ocrx_word' id='word_1_64' title='bbox 988 1743 1127 1824; x_wconf 80' lang='lat' dir='ltr'>egerent,</span> <span class='ocrx_word' id='word_1_65' title='bbox 1155 1743 1330 1802; x_wconf 82' lang='lat' dir='ltr'>convocata</span> <span class='ocrx_word' id='word_1_66' title='bbox 1353 1739 1486 1824; x_wconf 83' lang='lat' dir='ltr'>synode,</span> 
     </span>
     <span class='ocr_line' id='line_1_10' title="bbox 444 1827 1487 1926; baseline 0.004 -24"><span class='ocrx_word' id='word_1_67' title='bbox 444 1839 616 1926; x_wconf 84' lang='lat' dir='ltr'>imperavit</span> <span class='ocrx_word' id='word_1_68' title='bbox 649 1861 690 1904; x_wconf 92' lang='grc'>11</span> <span class='ocrx_word' id='word_1_69' title='bbox 735 1841 806 1926; x_wconf 88' lang='lat' dir='ltr'>quis</span> <span class='ocrx_word' id='word_1_70' title='bbox 850 1827 1002 1906; x_wconf 84' lang='lat' dir='ltr'>canonica</span> <span class='ocrx_word' id='word_1_71' title='bbox 1045 1841 1251 1904; x_wconf 88' lang='lat' dir='ltr'>institutione</span> <span class='ocrx_word' id='word_1_72' title='bbox 1294 1841 1487 1906; x_wconf 91' lang='lat' dir='ltr'>beneficium</span> 
     </span>
     <span class='ocr_line' id='line_1_11' title="bbox 444 1943 1489 2030; baseline 0 -24"><span class='ocrx_word' id='word_1_73' title='bbox 444 1943 690 2008; x_wconf 86' lang='lat' dir='ltr'>ecclesiasticum</span> <span class='ocrx_word' id='word_1_74' title='bbox 738 1943 899 2008; x_wconf 91' lang='lat' dir='ltr'>obtineret</span> <span class='ocrx_word' id='word_1_75' title='bbox 942 1949 1001 2008; x_wconf 90' lang='lat' dir='ltr'>aut</span> <span class='ocrx_word' id='word_1_76' title='bbox 1044 1945 1081 2006; x_wconf 93' lang='lat' dir='ltr'>in</span> <span class='ocrx_word' id='word_1_77' title='bbox 1134 1943 1265 2008; x_wconf 84' lang='lat' dir='ltr'>ecclesia</span> <span class='ocrx_word' id='word_1_78' title='bbox 1308 1943 1489 2030; x_wconf 78' lang='lat' dir='ltr'>Anglicana</span> 
     </span>
     <span class='ocr_line' id='line_1_12' title="bbox 444 2045 1489 2130; baseline 0.002 -22"><span class='ocrx_word' id='word_1_79' title='bbox 444 2045 637 2130; x_wconf 78' lang='lat' dir='ltr'>dignitatem</span> <span class='ocrx_word' id='word_1_80' title='bbox 671 2045 772 2108; x_wconf 86' lang='lat' dir='ltr'>ullam</span> <span class='ocrx_word' id='word_1_81' title='bbox 809 2052 1064 2130; x_wconf 81' lang='lat' dir='ltr'>consequeretur,</span> <span class='ocrx_word' id='word_1_82' title='bbox 1095 2045 1152 2130; x_wconf 90' lang='lat' dir='ltr'>qui</span> <span class='ocrx_word' id='word_1_83' title='bbox 1188 2045 1332 2109; x_wconf 84' lang='lat' dir='ltr'>civitatis</span> <span class='ocrx_word' id='word_1_84' title='bbox 1368 2052 1489 2110; x_wconf 85' lang='lat' dir='ltr'>nostrae</span> 
     </span>
     <span class='ocr_line' id='line_1_13' title="bbox 445 2147 1490 2230; baseline 0 -20"><span class='ocrx_word' id='word_1_85' title='bbox 445 2151 478 2210; x_wconf 89' lang='lat' dir='ltr'>et</span> <span class='ocrx_word' id='word_1_86' title='bbox 500 2147 660 2210; x_wconf 85' lang='lat' dir='ltr'>libertatis</span> <span class='ocrx_word' id='word_1_87' title='bbox 678 2147 754 2230; x_wconf 90' lang='lat' dir='ltr'>jura</span> <span class='ocrx_word' id='word_1_88' title='bbox 778 2169 844 2212; x_wconf 86' lang='lat' dir='ltr'>non</span> <span class='ocrx_word' id='word_1_89' title='bbox 868 2147 1068 2212; x_wconf 87' lang='lat' dir='ltr'>obtinuisset.</span> <span class='ocrx_word' id='word_1_90' title='bbox 1122 2147 1178 2210; x_wconf 89' lang='grc' dir='ltr'>Ι11</span> <span class='ocrx_word' id='word_1_91' title='bbox 1203 2147 1353 2210; x_wconf 84' lang='lat' dir='ltr'>effectum</span> <span class='ocrx_word' id='word_1_92' title='bbox 1379 2153 1490 2212; x_wconf 91' lang='lat' dir='ltr'>estut</span> 
     </span>
    </p>

    <p class='ocr_par' dir='ltr' id='par_1_3' title="bbox 210 2249 1496 3576">
     <span class='ocr_line' id='line_1_14' title="bbox 446 2249 1229 2334; baseline 0 -22"><span class='ocrx_word' id='word_1_93' title='bbox 446 2249 532 2312; x_wconf 80' lang='lat' dir='ltr'>Galli</span> <span class='ocrx_word' id='word_1_94' title='bbox 555 2271 662 2312; x_wconf 84' lang='lat' dir='ltr'>rerum</span> <span class='ocrx_word' id='word_1_95' title='bbox 684 2253 868 2312; x_wconf 87' lang='lat' dir='ltr'>nostrarum</span> <span class='ocrx_word' id='word_1_96' title='bbox 889 2271 953 2312; x_wconf 88' lang='lat' dir='ltr'>usu</span> <span class='ocrx_word' id='word_1_97' title='bbox 974 2249 1229 2334; x_wconf 87' lang='lat' dir='ltr'>prohiberentur.</span> 
     </span>
     <span class='ocr_line' id='line_1_15' title="bbox 490 2351 1490 2436; baseline 0.002 -22"><span class='ocrx_word' id='word_1_98' title='bbox 490 2351 650 2414; x_wconf 87' lang='lat' dir='ltr'>Henricus</span> <span class='ocrx_word' id='word_1_99' title='bbox 690 2371 818 2414; x_wconf 90' lang='lat' dir='ltr'>omnem</span> <span class='ocrx_word' id='word_1_100' title='bbox 859 2371 970 2414; x_wconf 86' lang='lat' dir='ltr'>euram</span> <span class='ocrx_word' id='word_1_101' title='bbox 1011 2356 1045 2414; x_wconf 90' lang='lat' dir='ltr'>et</span> <span class='ocrx_word' id='word_1_102' title='bbox 1083 2351 1286 2436; x_wconf 82' lang='lat' dir='ltr'>diligentiam</span> <span class='ocrx_word' id='word_1_103' title='bbox 1330 2351 1490 2429; x_wconf 87' lang='lat' dir='ltr'>adhibuit,</span> 
     </span>
     <span class='ocr_line' id='line_1_16' title="bbox 445 2451 1491 2540; baseline 0 -24"><span class='ocrx_word' id='word_1_104' title='bbox 445 2473 511 2536; x_wconf 89' lang='lat' dir='ltr'>qua</span> <span class='ocrx_word' id='word_1_105' title='bbox 540 2451 667 2538; x_wconf 79' lang='lat' dir='ltr'>singula</span> <span class='ocrx_word' id='word_1_106' title='bbox 696 2453 739 2516; x_wconf 91' lang='lat' dir='ltr'>ad</span> <span class='ocrx_word' id='word_1_107' title='bbox 764 2453 841 2516; x_wconf 91' lang='lat' dir='ltr'>belli</span> <span class='ocrx_word' id='word_1_108' title='bbox 866 2451 1180 2540; x_wconf 85' lang='lat' dir='ltr'>administrationem</span> <span class='ocrx_word' id='word_1_109' title='bbox 1203 2453 1381 2516; x_wconf 89' lang='lat' dir='ltr'>necessaria</span> <span class='ocrx_word' id='word_1_110' title='bbox 1406 2475 1491 2518; x_wconf 87' lang='lat' dir='ltr'>com-</span> 
     </span>
     <span class='ocr_line' id='line_1_17' title="bbox 371 2553 1494 2640; baseline 0 -22"><span class='ocrx_word' id='word_1_111' title='bbox 371 2573 372 2576; x_wconf 72' lang='grc'>’</span> <span class='ocrx_word' id='word_1_112' title='bbox 444 2559 580 2640; x_wconf 88' lang='lat' dir='ltr'>pararet.</span> <span class='ocrx_word' id='word_1_113' title='bbox 635 2553 688 2616; x_wconf 84' lang='lat' dir='ltr'>Ex</span> <span class='ocrx_word' id='word_1_114' title='bbox 722 2553 852 2638; x_wconf 86' lang='lat' dir='ltr'>optimis</span> <span class='ocrx_word' id='word_1_115' title='bbox 885 2553 1047 2616; x_wconf 85' lang='lat' dir='ltr'>militibus</span> <span class='ocrx_word' id='word_1_116' title='bbox 1083 2553 1227 2636; x_wconf 86' lang='lat' dir='ltr'>undique</span> <span class='ocrx_word' id='word_1_117' title='bbox 1256 2553 1404 2630; x_wconf 78' lang='lat' dir='ltr'>collectis,</span> <span class='ocrx_word' id='word_1_118' title='bbox 1437 2555 1494 2638; x_wconf 93' lang='lat' dir='ltr'>qui</span> 
     </span>
     <span class='ocr_line' id='line_1_18' title="bbox 444 2655 1492 2740; baseline 0 -20"><span class='ocrx_word' id='word_1_119' title='bbox 444 2679 540 2720; x_wconf 90' lang='lat' dir='ltr'>usum</span> <span class='ocrx_word' id='word_1_120' title='bbox 557 2677 666 2728; x_wconf 51' lang='lat' dir='ltr'>rerum¹</span> <span class='ocrx_word' id='word_1_121' title='bbox 684 2655 871 2720; x_wconf 88' lang='lat' dir='ltr'>bellicarum</span> <span class='ocrx_word' id='word_1_122' title='bbox 890 2657 1080 2732; x_wconf 82' lang='lat' dir='ltr'>habuerant,</span> <span class='ocrx_word' id='word_1_123' title='bbox 1100 2657 1277 2720; x_wconf 81' lang='lat' dir='ltr'>exercitum</span> <span class='ocrx_word' id='word_1_124' title='bbox 1296 2657 1492 2740; x_wconf 85' lang='lat' dir='ltr'>conscripsit.</span> 
     </span>
     <span class='ocr_line' id='line_1_19' title="bbox 447 2757 1493 2842; baseline 0 -20"><span class='ocrx_word' id='word_1_125' title='bbox 447 2759 542 2836; x_wconf 75' lang='lat' dir='ltr'>Quod</span> <span class='ocrx_word' id='word_1_126' title='bbox 577 2779 650 2822; x_wconf 90' lang='lat' dir='ltr'>cum</span> <span class='ocrx_word' id='word_1_127' title='bbox 692 2757 793 2820; x_wconf 80' lang='lat' dir='ltr'>Gadis</span> <span class='ocrx_word' id='word_1_128' title='bbox 824 2763 908 2822; x_wconf 85' lang='lat' dir='ltr'>esset</span> <span class='ocrx_word' id='word_1_129' title='bbox 937 2759 1134 2834; x_wconf 88' lang='lat' dir='ltr'>nuntiatum,</span> <span class='ocrx_word' id='word_1_130' title='bbox 1169 2759 1276 2842; x_wconf 87' lang='lat' dir='ltr'>copias</span> <span class='ocrx_word' id='word_1_131' title='bbox 1311 2763 1346 2822; x_wconf 88' lang='lat' dir='ltr'>et</span> <span class='ocrx_word' id='word_1_132' title='bbox 1377 2779 1493 2822; x_wconf 89' lang='lat' dir='ltr'>manus</span> 
     </span>
     <span class='ocr_line' id='line_1_20' title="bbox 444 2857 1492 2944; baseline -0.004 -20"><span class='ocrx_word' id='word_1_133' title='bbox 444 2861 628 2944; x_wconf 86' lang='lat' dir='ltr'>comparari,</span> <span class='ocrx_word' id='word_1_134' title='bbox 657 2859 776 2922; x_wconf 88' lang='lat' dir='ltr'>milites</span> <span class='ocrx_word' id='word_1_135' title='bbox 806 2859 941 2922; x_wconf 85' lang='lat' dir='ltr'>vicatim</span> <span class='ocrx_word' id='word_1_136' title='bbox 967 2858 1131 2932; x_wconf 83' lang='lat' dir='ltr'>conscribi,</span> <span class='ocrx_word' id='word_1_137' title='bbox 1155 2857 1301 2922; x_wconf 88' lang='lat' dir='ltr'>homines</span> <span class='ocrx_word' id='word_1_138' title='bbox 1325 2857 1492 2934; x_wconf 85' lang='lat' dir='ltr'>decuriari,</span> 
     </span>
     <span class='ocr_line' id='line_1_21' title="bbox 445 2959 1493 3044; baseline -0.002 -20"><span class='ocrx_word' id='word_1_139' title='bbox 445 2963 553 3024; x_wconf 88' lang='lat' dir='ltr'>omnia</span> <span class='ocrx_word' id='word_1_140' title='bbox 576 2961 619 3024; x_wconf 86' lang='lat' dir='ltr'>ad</span> <span class='ocrx_word' id='word_1_141' title='bbox 643 2959 719 3036; x_wconf 84' lang='lat' dir='ltr'>vim,</span> <span class='ocrx_word' id='word_1_142' title='bbox 741 2959 782 3022; x_wconf 88' lang='lat' dir='ltr'>ad</span> <span class='ocrx_word' id='word_1_143' title='bbox 804 2959 1493 3044; x_wconf 64' lang='grc'><strong>1111111111111111111111111111111111</strong></span> 
     </span>
     <span class='ocr_line' id='line_1_22' title="bbox 277 3059 1494 3152; baseline 0.002 -32"><span class='ocrx_word' id='word_1_144' title='bbox 277 3067 332 3152; x_wconf 65' lang='lat' dir='ltr'>fl&#39;he</span> <span class='ocrx_word' id='word_1_145' title='bbox 446 3061 561 3126; x_wconf 83' lang='lat' dir='ltr'>Galliae</span> <span class='ocrx_word' id='word_1_146' title='bbox 606 3059 790 3146; x_wconf 78' lang='lat' dir='ltr'>excogitari,</span> <span class='ocrx_word' id='word_1_147' title='bbox 828 3060 930 3146; x_wconf 81' lang='lat' dir='ltr'>legati</span> <span class='ocrx_word' id='word_1_148' title='bbox 968 3083 989 3122; x_wconf 92' lang='lat' dir='ltr'>a</span> <span class='ocrx_word' id='word_1_149' title='bbox 1026 3059 1130 3124; x_wconf 81' lang='lat' dir='ltr'>Gallis</span> <span class='ocrx_word' id='word_1_150' title='bbox 1173 3064 1341 3136; x_wconf 78' lang='lat' dir='ltr'>venerrmt,</span> <span class='ocrx_word' id='word_1_151' title='bbox 1388 3081 1494 3124; x_wconf 87' lang='lat' dir='ltr'>comes</span> 
     </span>
     <span class='ocr_line' id='line_1_23' title="bbox 276 3135 1496 3268; baseline -0.002 -42"><span class='ocrx_word' id='word_1_152' title='bbox 276 3135 397 3268; x_wconf 39' lang='lat' dir='ltr'>affl}</span> <span class='ocrx_word' id='word_1_153' title='bbox 447 3161 660 3240; x_wconf 81' lang='lat' dir='ltr'>Vandosrniae‚</span> <span class='ocrx_word' id='word_1_154' title='bbox 685 3161 894 3226; x_wconf 83' lang='lat' dir='ltr'>Bnuratiems</span> <span class='ocrx_word' id='word_1_155' title='bbox 915 3161 1170 3248; x_wconf 87' lang='lat' dir='ltr'>archiepiscopus</span> <span class='ocrx_word' id='word_1_156' title='bbox 1191 3161 1356 3248; x_wconf 78' lang='lat' dir='ltr'>Biturigis,</span> <span class='ocrx_word' id='word_1_157' title='bbox 1379 3161 1496 3225; x_wconf 84' lang='lat' dir='ltr'>Petnrs</span> 
     </span>
     <span class='ocr_line' id='line_1_24' title="bbox 210 3253 1496 3350; baseline -0.002 -22"><span class='ocrx_word' id='word_1_158' title='bbox 210 3253 215 3266; x_wconf 61' lang='lat'>¹</span> <span class='ocrx_word' id='word_1_159' title='bbox 276 3263 623 3338; x_wconf 72' lang='lat' dir='ltr'>n,D,1415;Fremellus</span> <span class='ocrx_word' id='word_1_160' title='bbox 654 3263 792 3326; x_wconf 81' lang='lat' dir='ltr'>Lexovii</span> <span class='ocrx_word' id='word_1_161' title='bbox 825 3263 1000 3350; x_wconf 87' lang='lat' dir='ltr'>episcopus,</span> <span class='ocrx_word' id='word_1_162' title='bbox 1034 3263 1210 3326; x_wconf 83' lang='lat' dir='ltr'>Gualterus</span> <span class='ocrx_word' id='word_1_163' title='bbox 1242 3263 1353 3326; x_wconf 73' lang='lat' dir='ltr'>(lolius</span> <span class='ocrx_word' id='word_1_164' title='bbox 1390 3263 1496 3328; x_wconf 88' lang='lat' dir='ltr'>scriba</span> 
     </span>
     <span class='ocr_line' id='line_1_25' title="bbox 276 3365 1495 3456; baseline 0.002 -30"><span class='ocrx_word' id='word_1_165' title='bbox 276 3375 422 3456; x_wconf 61' lang='lat' dir='ltr'>Thebais·</span> <span class='ocrx_word' id='word_1_166' title='bbox 442 3367 603 3452; x_wconf 72' lang='lat' dir='ltr'>principis,</span> <span class='ocrx_word' id='word_1_167' title='bbox 640 3365 789 3430; x_wconf 27' lang='lat' dir='ltr'>,Causam</span> <span class='ocrx_word' id='word_1_168' title='bbox 810 3387 1013 3430; x_wconf 89' lang='lat' dir='ltr'>communem</span> <span class='ocrx_word' id='word_1_169' title='bbox 1032 3367 1178 3430; x_wconf 88' lang='lat' dir='ltr'>omnium</span> <span class='ocrx_word' id='word_1_170' title='bbox 1195 3365 1232 3428; x_wconf 91' lang='lat' dir='ltr'>in</span> <span class='ocrx_word' id='word_1_171' title='bbox 1248 3371 1364 3430; x_wconf 91' lang='lat' dir='ltr'>senatu</span> <span class='ocrx_word' id='word_1_172' title='bbox 1383 3371 1495 3429; x_wconf 88' lang='lat' dir='ltr'>nostro</span> 
     </span>
     <span class='ocr_line' id='line_1_26' title="bbox 274 3459 1496 3576; baseline -0.002 -43"><span class='ocrx_word' id='word_1_173' title='bbox 274 3459 420 3576; x_wconf 58' lang='lat' dir='ltr'>sescay</span> <span class='ocrx_word' id='word_1_174' title='bbox 442 3469 511 3554; x_wconf 81' lang='lat' dir='ltr'>egit</span> <span class='ocrx_word' id='word_1_175' title='bbox 558 3473 591 3532; x_wconf 91' lang='lat' dir='ltr'>et</span> <span class='ocrx_word' id='word_1_176' title='bbox 636 3467 824 3532; x_wconf 87' lang='lat' dir='ltr'>mandatum</span> <span class='ocrx_word' id='word_1_177' title='bbox 874 3467 1029 3554; x_wconf 87' lang='lat' dir='ltr'>principis</span> <span class='ocrx_word' id='word_1_178' title='bbox 1074 3467 1244 3532; x_wconf 82' lang='lat' dir='ltr'>Gallorum</span> <span class='ocrx_word' id='word_1_179' title='bbox 1285 3467 1496 3532; x_wconf 86' lang='lat' dir='ltr'>Bouratierus</span> 
     </span>
    </p>
   </div>
   <div class='ocr_carea' id='block_1_3' title="bbox 272 3511 941 3656">
    <p class='ocr_par' dir='ltr' id='par_1_4' title="bbox 272 3511 941 3656">
     <span class='ocr_line' id='line_1_27' title="bbox 272 3511 941 3656; baseline 0.012 -30"><span class='ocrx_word' id='word_1_180' title='bbox 272 3511 409 3626; x_wconf 60' lang='lat' dir='ltr'>diiuheibi</span> <span class='ocrx_word' id='word_1_181' title='bbox 441 3569 600 3656; x_wconf 80' lang='lat' dir='ltr'>exposuit,</span> <span class='ocrx_word' id='word_1_182' title='bbox 624 3569 675 3634; x_wconf 89' lang='lat' dir='ltr'>his</span> <span class='ocrx_word' id='word_1_183' title='bbox 697 3569 764 3634; x_wconf 85' lang='lat' dir='ltr'>fere</span> <span class='ocrx_word' id='word_1_184' title='bbox 786 3569 941 3634; x_wconf 78' lang='lat' dir='ltr'>verbis-</span> 
     </span>
    </p>
   </div>
   <div class='ocr_carea' id='block_1_4' title="bbox 271 3643 1539 4778">
    <p class='ocr_par' dir='ltr' id='par_1_5' title="bbox 271 3643 1497 3860">
     <span class='ocr_line' id='line_1_28' title="bbox 271 3643 1496 3776; baseline -0.002 -40"><span class='ocrx_word' id='word_1_185' title='bbox 271 3643 403 3776; x_wconf 52' lang='lat' dir='ltr'>fflge‘s&#39;f</span> <span class='ocrx_word' id='word_1_186' title='bbox 489 3679 505 3704; x_wconf 77' lang='lat'>‘⁶</span> <span class='ocrx_word' id='word_1_187' title='bbox 520 3671 649 3758; x_wconf 82' lang='lat' dir='ltr'>Anceps</span> <span class='ocrx_word' id='word_1_188' title='bbox 671 3673 803 3736; x_wconf 81' lang='lat' dir='ltr'>fortuna</span> <span class='ocrx_word' id='word_1_189' title='bbox 822 3671 909 3748; x_wconf 90' lang='lat' dir='ltr'>belli,</span> <span class='ocrx_word' id='word_1_190' title='bbox 930 3672 1073 3736; x_wconf 88' lang='lat' dir='ltr'>incertus</span> <span class='ocrx_word' id='word_1_191' title='bbox 1099 3671 1214 3748; x_wconf 80' lang='lat' dir='ltr'>exitus,</span> <span class='ocrx_word' id='word_1_192' title='bbox 1239 3693 1277 3736; x_wconf 90' lang='lat' dir='ltr'>ac</span> <span class='ocrx_word' id='word_1_193' title='bbox 1299 3671 1389 3734; x_wconf 89' lang='lat' dir='ltr'>Mars</span> <span class='ocrx_word' id='word_1_194' title='bbox 1411 3695 1496 3736; x_wconf 88' lang='lat' dir='ltr'>corn-</span> 
     </span>
     <span class='ocr_line' id='line_1_29' title="bbox 441 3773 1497 3860; baseline 0 -22"><span class='ocrx_word' id='word_1_195' title='bbox 441 3775 556 3852; x_wconf 86' lang='lat' dir='ltr'>munis,</span> <span class='ocrx_word' id='word_1_196' title='bbox 588 3775 645 3860; x_wconf 87' lang='lat' dir='ltr'>qui</span> <span class='ocrx_word' id='word_1_197' title='bbox 674 3797 759 3860; x_wconf 77' lang='lat' dir='ltr'>saepe</span> <span class='ocrx_word' id='word_1_198' title='bbox 785 3773 980 3860; x_wconf 88' lang='lat' dir='ltr'>spoliantem</span> <span class='ocrx_word' id='word_1_199' title='bbox 999 3775 1070 3860; x_wconf 86' lang='lat' dir='ltr'>jam</span> <span class='ocrx_word' id='word_1_200' title='bbox 1090 3779 1125 3838; x_wconf 89' lang='lat' dir='ltr'>et</span> <span class='ocrx_word' id='word_1_201' title='bbox 1147 3775 1352 3838; x_wconf 79' lang='lat' dir='ltr'>exultantem</span> <span class='ocrx_word' id='word_1_202' title='bbox 1377 3773 1497 3838; x_wconf 90' lang='lat' dir='ltr'>evertit</span> 
     </span>
    </p>

    <p class='ocr_par' dir='ltr' id='par_1_6' title="bbox 441 3875 1539 3962">
     <span class='ocr_line' id='line_1_30' title="bbox 441 3875 1539 3962; baseline 0 -22"><span class='ocrx_word' id='word_1_203' title='bbox 441 3899 478 3942; x_wconf 90' lang='lat' dir='ltr'>ao</span> <span class='ocrx_word' id='word_1_204' title='bbox 501 3877 639 3962; x_wconf 88' lang='lat' dir='ltr'>perculit</span> <span class='ocrx_word' id='word_1_205' title='bbox 665 3879 706 3942; x_wconf 89' lang='lat' dir='ltr'>ab</span> <span class='ocrx_word' id='word_1_206' title='bbox 728 3875 862 3962; x_wconf 82' lang='lat' dir='ltr'>abjecto,</span> <span class='ocrx_word' id='word_1_207' title='bbox 885 3877 997 3940; x_wconf 90' lang='lat' dir='ltr'>doctos</span> <span class='ocrx_word' id='word_1_208' title='bbox 1016 3877 1177 3962; x_wconf 88' lang='lat' dir='ltr'>principes</span> <span class='ocrx_word' id='word_1_209' title='bbox 1194 3881 1308 3962; x_wconf 87' lang='lat' dir='ltr'>pacate</span> <span class='ocrx_word' id='word_1_210' title='bbox 1330 3875 1441 3962; x_wconf 88' lang='lat' dir='ltr'>potius</span> <span class='ocrx_word' id='word_1_211' title='bbox 1462 3881 1497 3940; x_wconf 91' lang='lat' dir='ltr'>et</span> <span class='ocrx_word' id='word_1_212' title='bbox 1536 3949 1539 3954; x_wconf 45' lang='grc'><strong>,</strong></span> 
     </span>
    </p>

    <p class='ocr_par' dir='ltr' id='par_1_7' title="bbox 343 3977 1499 4268">
     <span class='ocr_line' id='line_1_31' title="bbox 343 3977 1497 4064; baseline -0.002 -22"><span class='ocrx_word' id='word_1_213' title='bbox 343 4001 346 4008; x_wconf 82' lang='grc'><strong><em>’</em></strong></span> <span class='ocrx_word' id='word_1_214' title='bbox 440 3979 616 4064; x_wconf 85' lang='lat' dir='ltr'>tranquille</span> <span class='ocrx_word' id='word_1_215' title='bbox 639 3979 675 4042; x_wconf 89' lang='lat' dir='ltr'>in</span> <span class='ocrx_word' id='word_1_216' title='bbox 700 3979 766 4044; x_wconf 90' lang='lat' dir='ltr'>otio</span> <span class='ocrx_word' id='word_1_217' title='bbox 795 4001 868 4042; x_wconf 86' lang='lat' dir='ltr'>curn</span> <span class='ocrx_word' id='word_1_218' title='bbox 901 3979 1064 4064; x_wconf 77' lang='lat' dir='ltr'>dignitate</span> <span class='ocrx_word' id='word_1_219' title='bbox 1087 3979 1168 4042; x_wconf 83' lang='lat' dir='ltr'>vitae</span> <span class='ocrx_word' id='word_1_220' title='bbox 1197 3977 1394 4043; x_wconf 85' lang='lat' dir='ltr'>curriculum</span> <span class='ocrx_word' id='word_1_221' title='bbox 1423 4001 1497 4040; x_wconf 91' lang='lat' dir='ltr'>con-</span> 
     </span>
     <span class='ocr_line' id='line_1_32' title="bbox 439 4079 1499 4164; baseline -0.001 -22"><span class='ocrx_word' id='word_1_222' title='bbox 439 4079 534 4144; x_wconf 88' lang='lat' dir='ltr'>ficere</span> <span class='ocrx_word' id='word_1_223' title='bbox 561 4081 757 4156; x_wconf 86' lang='lat' dir='ltr'>admoneret,</span> <span class='ocrx_word' id='word_1_224' title='bbox 785 4101 884 4164; x_wconf 84' lang='lat' dir='ltr'>quarn</span> <span class='ocrx_word' id='word_1_225' title='bbox 910 4103 1076 4144; x_wconf 89' lang='lat' dir='ltr'>armornm</span> <span class='ocrx_word' id='word_1_226' title='bbox 1105 4081 1274 4144; x_wconf 87' lang='lat' dir='ltr'>studiose</span> <span class='ocrx_word' id='word_1_227' title='bbox 1299 4103 1439 4164; x_wconf 88' lang='lat' dir='ltr'>suosque</span> <span class='ocrx_word' id='word_1_228' title='bbox 1461 4079 1499 4142; x_wconf 91' lang='lat' dir='ltr'>in</span> 
     </span>
     <span class='ocr_line' id='line_1_33' title="bbox 440 4181 1498 4268; baseline 0 -24"><span class='ocrx_word' id='word_1_229' title='bbox 440 4185 602 4244; x_wconf 81' lang='lat' dir='ltr'>extremas</span> <span class='ocrx_word' id='word_1_230' title='bbox 630 4181 830 4244; x_wconf 85' lang='lat' dir='ltr'>calamitates</span> <span class='ocrx_word' id='word_1_231' title='bbox 858 4181 1022 4264; x_wconf 85' lang='lat' dir='ltr'>conjicere.</span> <span class='ocrx_word' id='word_1_232' title='bbox 1069 4181 1249 4246; x_wconf 86' lang='lat' dir='ltr'>Funestam</span> <span class='ocrx_word' id='word_1_233' title='bbox 1271 4181 1376 4246; x_wconf 88' lang='lat' dir='ltr'>facem</span> <span class='ocrx_word' id='word_1_234' title='bbox 1397 4203 1498 4268; x_wconf 82' lang='lat' dir='ltr'>regno</span> 
     </span>
    </p>

    <p class='ocr_par' dir='ltr' id='par_1_8' title="bbox 337 4283 1499 4468">
     <span class='ocr_line' id='line_1_34' title="bbox 337 4283 1499 4366; baseline 0 -20"><span class='ocrx_word' id='word_1_235' title='bbox 337 4317 338 4320; x_wconf 35' lang='lat'>¹</span> <span class='ocrx_word' id='word_1_236' title='bbox 440 4283 592 4358; x_wconf 85' lang='lat' dir='ltr'>inferunt,</span> <span class='ocrx_word' id='word_1_237' title='bbox 627 4283 683 4366; x_wconf 89' lang='lat' dir='ltr'>qui</span> <span class='ocrx_word' id='word_1_238' title='bbox 714 4283 838 4346; x_wconf 89' lang='lat' dir='ltr'>bellum</span> <span class='ocrx_word' id='word_1_239' title='bbox 871 4283 1038 4346; x_wconf 88' lang='lat' dir='ltr'>concitant</span> <span class='ocrx_word' id='word_1_240' title='bbox 1071 4303 1137 4366; x_wconf 89' lang='lat' dir='ltr'>quo</span> <span class='ocrx_word' id='word_1_241' title='bbox 1167 4283 1277 4346; x_wconf 86' lang='lat' dir='ltr'>excisa</span> <span class='ocrx_word' id='word_1_242' title='bbox 1313 4287 1348 4348; x_wconf 89' lang='lat' dir='ltr'>et</span> <span class='ocrx_word' id='word_1_243' title='bbox 1386 4307 1499 4348; x_wconf 90' lang='lat' dir='ltr'>eversa</span> 
     </span>
     <span class='ocr_line' id='line_1_35' title="bbox 439 4383 1499 4468; baseline 0 -20"><span class='ocrx_word' id='word_1_244' title='bbox 439 4383 621 4468; x_wconf 85' lang='lat' dir='ltr'>respublica</span> <span class='ocrx_word' id='word_1_245' title='bbox 634 4383 783 4448; x_wconf 90' lang='lat' dir='ltr'>intereat.</span> <span class='ocrx_word' id='word_1_246' title='bbox 830 4383 867 4448; x_wconf 79' lang='lat' dir='ltr'>Si</span> <span class='ocrx_word' id='word_1_247' title='bbox 881 4389 995 4448; x_wconf 84' lang='lat' dir='ltr'>vetera</span> <span class='ocrx_word' id='word_1_248' title='bbox 1017 4405 1156 4468; x_wconf 86' lang='lat' dir='ltr'>quaeque</span> <span class='ocrx_word' id='word_1_249' title='bbox 1177 4389 1378 4450; x_wconf 84' lang='lat' dir='ltr'>consectarer</span> <span class='ocrx_word' id='word_1_250' title='bbox 1400 4391 1435 4450; x_wconf 88' lang='grc'>11</span> <span class='ocrx_word' id='word_1_251' title='bbox 1457 4407 1499 4448; x_wconf 85' lang='lat' dir='ltr'>ex</span> 
     </span>
    </p>

    <p class='ocr_par' dir='ltr' id='par_1_9' title="bbox 439 4477 1499 4778">
     <span class='ocr_line' id='line_1_36' title="bbox 440 4477 1499 4571; baseline 0.001 -22"><span class='ocrx_word' id='word_1_252' title='bbox 440 4487 487 4550; x_wconf 89' lang='lat' dir='ltr'>eis</span> <span class='ocrx_word' id='word_1_253' title='bbox 509 4505 654 4548; x_wconf 87' lang='lat' dir='ltr'>eruerem</span> <span class='ocrx_word' id='word_1_254' title='bbox 670 4505 743 4568; x_wconf 83' lang='lat' dir='ltr'>quae</span> <span class='ocrx_word' id='word_1_255' title='bbox 762 4485 941 4552; x_wconf 88' lang='lat' dir='ltr'>doctissimi</span> <span class='ocrx_word' id='word_1_256' title='bbox 959 4487 1130 4571; x_wconf 87' lang='lat' dir='ltr'>scriptores</span> <span class='ocrx_word' id='word_1_257' title='bbox 1149 4487 1364 4563; x_wconf 84' lang='lat' dir='ltr'>tradiderunt,</span> <span class='ocrx_word' id='word_1_258' title='bbox 1392 4477 1499 4550; x_wconf 87' lang='lat' dir='ltr'>multa</span> 
     </span>
     <span class='ocr_line' id='line_1_37' title="bbox 439 4587 1499 4676; baseline 0.002 -26"><span class='ocrx_word' id='word_1_259' title='bbox 439 4587 592 4674; x_wconf 86' lang='lat' dir='ltr'>praeclare</span> <span class='ocrx_word' id='word_1_260' title='bbox 618 4587 798 4652; x_wconf 88' lang='lat' dir='ltr'>constituta</span> <span class='ocrx_word' id='word_1_261' title='bbox 816 4587 908 4652; x_wconf 89' lang='lat' dir='ltr'>belli</span> <span class='ocrx_word' id='word_1_262' title='bbox 936 4589 1065 4676; x_wconf 89' lang='lat' dir='ltr'>impetu</span> <span class='ocrx_word' id='word_1_263' title='bbox 1093 4587 1241 4674; x_wconf 85' lang='lat' dir='ltr'>perculsa</span> <span class='ocrx_word' id='word_1_264' title='bbox 1271 4592 1305 4652; x_wconf 90' lang='lat' dir='ltr'>et</span> <span class='ocrx_word' id='word_1_265' title='bbox 1333 4593 1499 4674; x_wconf 86' lang='lat' dir='ltr'>prostrata</span> 
     </span>
     <span class='ocr_line' id='line_1_38' title="bbox 441 4689 1497 4778; baseline -0.001 -22"><span class='ocrx_word' id='word_1_266' title='bbox 441 4691 650 4756; x_wconf 88' lang='lat' dir='ltr'>ostenderem.</span> <span class='ocrx_word' id='word_1_267' title='bbox 698 4689 796 4754; x_wconf 88' lang='lat' dir='ltr'>Nunc</span> <span class='ocrx_word' id='word_1_268' title='bbox 832 4713 924 4778; x_wconf 81' lang='lat' dir='ltr'>seges</span> <span class='ocrx_word' id='word_1_269' title='bbox 963 4698 1013 4758; x_wconf 85' lang='lat' dir='ltr'>est</span> <span class='ocrx_word' id='word_1_270' title='bbox 1049 4691 1108 4756; x_wconf 93' lang='lat' dir='ltr'>ubi</span> <span class='ocrx_word' id='word_1_271' title='bbox 1138 4691 1236 4754; x_wconf 82' lang='lat' dir='ltr'>Troia</span> <span class='ocrx_word' id='word_1_272' title='bbox 1273 4691 1347 4772; x_wconf 85' lang='lat' dir='ltr'>fuit,</span> <span class='ocrx_word' id='word_1_273' title='bbox 1379 4691 1497 4756; x_wconf 83' lang='lat' dir='ltr'>deletae</span> 
     </span>
    </p>
   </div>
   <div class='ocr_carea' id='block_1_5' title="bbox 0 0 1712 5709">
    <p class='ocr_par' dir='ltr' id='par_1_10' title="bbox 0 0 1712 5709">
     <span class='ocr_line' id='line_1_39' title="bbox 0 0 1712 5709; baseline 0 0"><span class='ocrx_word' id='word_1_274' title='bbox 0 0 1712 5709; x_wconf 95' lang='lat' dir='ltr'> </span> 
     </span>
    </p>
   </div>
  </div>
 </body>
</html>
