3400 5709
663 841 809 894 uramur
831 835 886 896 vv,
1253 831 1296 899 29

159 1057 160 1066 κ
252 1033 328 1078 usus
366 1015 399 1074 et
427 1009 616 1094 impendens
647 1013 766 1074 nostrae
807 1007 992 1092 reipublicae
1029 1009 1207 1094 periculum
1241 1013 1460 1072 meA0D.1414·

252 1117 286 1178 in
315 1111 427 1176 multis
456 1111 594 1196 negotiis
621 1133 705 1196 saepe
735 1110 887 1190 exercuit,
912 1115 951 1174 ut
979 1110 1095 1196 hospes
1120 1115 1179 1174 aut
1203 1133 1293 1196 pere-

250 1217 360 1304 grinus
390 1213 426 1278 in
454 1213 622 1278 hominum
663 1213 805 1278 moribus
843 1213 1070 1300 cognoscendis
1107 1235 1127 1277 a
1162 1213 1291 1278 nemine

244 1319 379 1404 judicer.

168 1487 169 1490 Ἴ
250 1409 255 1414 ’
296 1417 400 1480 “Non
430 1417 457 1482 is
488 1439 559 1482 sum
589 1417 645 1502 qui
676 1415 758 1480 nihil
791 1415 831 1482 de
860 1415 1029 1484 Scotorum
1060 1417 1289 1482 consuetudine

185 1559 186 1562 =
245 1523 286 1586 'ae
329 1523 446 1584 natura
490 1517 635 1604 unquam
679 1519 842 1604 acceperit.
917 1517 1043 1598 Quibus
1087 1519 1202 1584 studiis
1246 1517 1289 1582 ab

249 1625 380 1688 ineunte
417 1625 515 1688 aetate
551 1643 584 1686 se
625 1621 820 1700 imbuerunt,
861 1621 982 1708 optime
1020 1623 1176 1706 cognovi3
1210 1627 1289 1687 nota

166 1807 167 1812 η
249 1723 328 1788 mihi
360 1727 437 1786 sunt
474 1723 582 1786 omnia
612 1745 691 1806 quae
718 1723 766 1784 illi
805 1723 1028 1786 vehementius
1057 1728 1287 1788 consectantur.

249 1823 356 1888 Genus
381 1823 547 1888 hominum
571 1829 620 1888 est
644 1825 770 1888 adrem
796 1823 894 1888 satisI
922 1829 1095 1904 attentum,
1109 1825 1284 1900 incautum,

246 1925 469 2012 improvidum,
499 1931 532 1990 et
557 1949 664 1990 rerum
688 1949 760 2010 quaa
782 1925 817 1988 in
838 1926 911 1990 vita
939 1925 1102 1990 communi
1130 1931 1287 2012 geruntur

138 2071 139 2074 =
236 2029 373 2114 ,penitus
399 2027 556 2114 ignamm.
603 2027 639 2092 si
666 2027 745 2112 quid
773 2051 918 2112 unquam
948 2027 1079 2092 consilio
1101 2033 1133 2090 et
1162 2029 1288 2090 ratione
1370 2104 1373 2107 ¹

246 2129 485 2206 declinaverint,
517 2129 552 2192 id
581 2135 748 2216 acceptum
779 2129 880 2194 Gallis
911 2129 1059 2194 referant.
1105 2129 1194 2194 Scoti
1228 2151 1288 2194 nec

247 2237 339 2294 acute
368 2231 478 2294 videre
510 2231 588 2316 quid
609 2233 645 2296 in
675 2253 802 2318 quaque
832 2255 867 2296 re
901 2237 986 2296 esset
1014 2231 1204 2318 fugiendum
1229 2237 1288 2294 aut

246 2333 341 2396 ullius
378 2333 501 2420 negotii
537 2333 697 2396 rationem
735 2334 894 2420 explicare
930 2355 1076 2418 unquam
1104 2339 1287 2420 potuemmt.

247 2433 367 2498 Omnes
396 2435 468 2498 illas
498 2435 690 2520 disciplinas,
722 2435 838 2520 quibus
862 2437 917 2499 vel
942 2435 1064 2520 pacatis
1089 2435 1306 2520 temporibus-

246 2535 280 2598 iu
309 2557 387 2620 pace
417 2559 454 2600 ac
480 2537 547 2600 otio
573 2537 661 2600 domi
697 2537 877 2600 floruerunt
903 2543 961 2600 aut
994 2537 1135 2600 nominis
1167 2537 1289 2600 famam

245 2637 320 2700 foris
350 2639 385 2700 in
411 2659 574 2702 armorum
603 2639 743 2724 periculo
767 2639 1015 2722 acquisiverrmt,
1037 2659 1057 2714 a
1077 2637 1179 2702 Gallis
1200 2637 1289 2702 Scoti

245 2737 430 2802 hauserunt.
477 2737 532 2802 Ab
561 2737 619 2814 his,
651 2743 809 2822 tanquam
836 2761 857 2800 a
885 2739 977 2802 fonte
999 2739 1148 2822 quodam,
1180 2739 1292 2802 omnia·

246 2839 383 2904 deducta
416 2843 493 2902 sunt
523 2843 556 2902 et
586 2839 739 2904 accersita
773 2861 846 2924 quae
885 2839 1028 2904 Scotiam
1064 2839 1287 2904 nobilitarimt.

145 3011 146 3014 Ἴ
246 2939 282 3004 Si
313 2939 405 3016 Galli,
438 2939 559 3004 eisdem
588 2939 713 3016 hiiensi,
739 2939 872 3004 consilio
906 2945 940 3004 et
969 2941 1142 3028 prudentia
1170 2963 1224 3004 eos
1253 2941 1290 3002 in

245 3041 311 3104 acie
342 3041 560 3128 periclitantes
590 3063 657 3104 non
683 3041 878 3126 adjuverint,
906 3041 1060 3118 imbelles
1084 3041 1289 3122 mihicrede,

244 3143 335 3228 pueri
379 3143 586 3218 videbuntur,
633 3143 691 3228 qui
734 3165 904 3228 nunquam
948 3143 1083 3220 hostem,
1121 3165 1289 3228 nunquam

245 3249 348 3308 castra
370 3245 563 3330 aspexerint.

290 3347 479 3432 “Sapientis
503 3351 551 3410 est
573 3347 719 3436 membra
735 3367 807 3430 quae
822 3345 966 3410 maxime
980 3351 1097 3410 nocent
1110 3351 1288 3432 amputare,

244 3451 418 3532 antequam
453 3447 576 3512 caeteris
606 3447 754 3530 partibus
783 3447 902 3512 leviter
930 3449 1165 3532 aegrotantibus
1201 3469 1292 3512 cura

243 3549 347 3614 tiones
371 3549 532 3614 adhibeat,
578 3547 614 3610 Si
637 3549 841 3614 auctoritatis
864 3551 1005 3632 pondere
1031 3551 1117 3614 cives
1138 3569 1227 3612 meos
1248 3548 1292 3610 ad

243 3671 333 3714 arma
354 3649 511 3734 capienda
537 3649 703 3712 adhortari
727 3653 761 3712 et
786 3649 952 3732 impellere
981 3671 1115 3734 possem,
1139 3649 1181 3712 de
1205 3649 1292 3712 bello

245 3751 366 3816 Gallico
397 3751 613 3836 cogitandum,
642 3755 676 3814 et
699 3749 965 3814 conscribendum
990 3751 1169 3814 exercitum
1197 3755 1294 3834 puta·

146 3919 151 3928 ,
243 3875 317 3928 rem,
351 3851 407 3936 qui
436 3851 559 3914 invicto
588 3851 691 3914 animi
720 3851 834 3914 robore
864 3871 977 3914 eorum
1006 3873 1083 3938 opes
1118 3851 1290 3936 frangeret,

243 3953 366 4018 avitam
393 3953 586 4038 dignitatem
610 3953 669 4016 diu
695 3953 847 4016 amissam
875 3959 1085 4038 recuperaret,
1110 3957 1143 4016 et
1167 3953 1294 4016 heredi-

94 4115 95 4118 ,
243 4059 346 4118 tatem
375 4075 395 4116 a
418 4055 586 4118 Gallorum
607 4075 684 4140 rege
709 4059 874 4118 retentam
894 4059 1005 4118 nostro
1035 4055 1173 4138 principi
1201 4055 1295 4118 resti-

172 4169 173 4172 ’
243 4157 355 4220 tueret.
405 4153 484 4232 Quis
519 4155 657 4232 dubitat,
690 4155 769 4238 quin
799 4157 908 4220 hostes
945 4155 1040 4220 nobis
1073 4155 1177 4220 futuri
1206 4155 1295 4220 Galli

176 4311 178 4314 .
243 4255 307 4318 sint
330 4257 358 4320 si
380 4257 478 4320 semel
501 4257 680 4320 exercitum
702 4257 739 4320 in
762 4257 875 4322 Scotos
907 4278 968 4320 rex
993 4262 1104 4320 noster
1125 4257 1294 4322 eduxerit?

244 4355 280 4418 Si
310 4379 384 4422 curn
419 4355 522 4420 Gallis
554 4359 646 4420 nulla
674 4357 758 4444 juris
792 4359 929 4422 societas
958 4359 1003 4422 sit
1031 4357 1151 4442 injuste
1181 4365 1295 4422 nostra

242 4457 489 4540 possidentibus,
520 4457 645 4522 virtute
676 4459 883 4544 experiamur
912 4459 1064 4522 Gallosne
1095 4481 1139 4522 an
1169 4459 1295 4544 Anglos
1356 4534 1358 4539 Ι

242 4559 321 4622 velit
351 4579 486 4644 regirare
508 4559 647 4636 fortuna,
672 4561 793 4646 quidve
822 4559 907 4624 ferat
929 4581 1004 4624 sors.
1051 4559 1143 4639 Bello
1159 4559 1291 4638 Gallim,

671 4787 677 4816 ¹
697 4785 739 4838 Sic
751 4787 778 4836 in
789 4785 845 4838 MS.
957 4856 959 4859 Ι
