3400 5709
387 871 388 874 *
443 845 484 908 10
779 861 959 912 1101111111
981 861 1142 912 11110111

156 1035 157 1038 ’
278 1037 487 1112 animant,
509 1035 607 1120 ¹quod
639 1035 862 1102 difficillimum
893 1059 959 1102 non
988 1042 1058 1100 tam
1087 1036 1294 1101 multitudini
1320 1035 1479 1122 imperitae
1574 1026 1576 1029 ¹

442 1157 539 1222 quam
572 1137 673 1204 doctis
707 1143 739 1202 et
771 1139 968 1226 sapientibus
996 1139 1157 1215 videatur,
1187 1139 1327 1224 seipsum
1363 1137 1480 1226 saepius

442 1263 539 1326 quam
562 1241 641 1306 alios
662 1241 827 1328 superavit
837 1267 846 1322 ;
876 1265 955 1306 vero
977 1247 1017 1306 ut
1040 1241 1145 1318 liceat,
1168 1263 1234 1304 non
1255 1263 1328 1306 eum
1349 1241 1482 1304 summis

441 1343 519 1406 viris
545 1343 723 1408 Hemicum
753 1363 944 1428 comparare,
970 1343 1026 1406 sed
1047 1343 1181 1406 Divinae
1201 1347 1327 1406 naturae
1356 1341 1481 1406 similli-

442 1467 531 1508 mum
560 1445 708 1508 indicare.

486 1545 574 1624 Quid
606 1543 692 1608 enim
723 1543 764 1606 ad
792 1543 933 1608 nominis
960 1543 1082 1619 famam
1107 1547 1325 1628 praestantius,
1352 1549 1411 1608 aut
1440 1547 1483 1610 ad

440 1649 601 1712 illustrem
625 1645 824 1730 dignitatem,
851 1651 886 1710 et
913 1645 1009 1730 plane
1030 1645 1201 1724 heroicam,
1228 1648 1411 1732 augendam
1434 1647 1482 1711 di-

441 1749 549 1814 vinius
579 1747 719 1832 (qualem
747 1747 783 1810 in
812 1747 876 1812 illis
905 1747 1103 1832 principibus
1133 1748 1357 1812 excellentiam
1385 1749 1484 1813 fuisse
1580 1762 1610 1828 ᾗ

441 1851 553 1938 primis
576 1849 774 1934 temporibus
804 1851 989 1935 accepimus,
1021 1843 1206 1934 dequibus
1229 1849 1373 1914 historiae
1395 1855 1485 1914 vete-
1606 1853 1610 1936 *j

444 1975 517 2016 rum
534 1953 763 2036 doctorumque
781 1957 931 2038 poemata
946 1951 1138 2037 loquuntur)
1155 1973 1197 2016 111
1220 1953 1308 2016 omni
1328 1953 1486 2016 memoria

441 2055 610 2140 quisquam
637 2075 761 2118 sumere
787 2059 902 2140 potest,
930 2075 1028 2138 quam
1051 2054 1153 2118 talem
1182 2055 1360 2140 principem
1389 2053 1487 2118 rebus

309 2199 310 2206 ,
440 2157 587 2242 gerendis
609 2155 781 2240 praefuisse,
814 2155 925 2219 divino
955 2157 1095 2240 quodam
1128 2153 1264 2220 affiatu?
1287 2155 1344 2240 qui
1373 2160 1487 2240 gentes

375 2281 377 2288 ⁴
439 2259 642 2320 immanitate
678 2257 838 2334 barbaras,
874 2257 1086 2320 multitudine
1115 2256 1373 2332 innumerabiles,
1407 2255 1487 2320 loeis

439 2359 591 2436 infinitas,
625 2359 713 2422 omni
747 2357 911 2444 copiarum
941 2381 1057 2444 genere
1086 2357 1297 2434 abundantes,
1325 2379 1392 2420 non
1416 2363 1488 2422 tam

441 2461 578 2538 domare,
602 2459 686 2524 ferro
717 2463 750 2524 et
776 2459 902 2524 viribus
919 2461 1103 2537 debilitare,
1134 2483 1172 2526 ac
1196 2459 1344 2546 frangere
1369 2462 1487 2546 potuit,

440 2585 538 2648 quam
558 2585 597 2626 ea
617 2561 742 2624 ratione
764 2583 920 2648 superare,
943 2585 1015 2646 quae
1035 2585 1057 2625 a
1077 2563 1329 2648 praeclarissimis
1348 2561 1488 2648 negotiis
1607 2646 1610 2649 Χ

439 2663 703 2728 administrandis
732 2665 907 2750 saepissime
937 2669 1117 2730 avocarent.
1167 2665 1325 2728 Animum
1350 2665 1487 2742 vincere,

439 2765 640 2830 iracundiam
667 2765 823 2844 cohibere,
843 2767 1015 2831 victoriam
1033 2771 1223 2852 temperare,
1239 2789 1320 2852 quae,
1343 2771 1383 2832 ut
1399 2765 1490 2832 Cice-

439 2869 510 2932 roni
534 2867 648 2954 plaoet,
672 2873 790 2932 natura
811 2869 953 2932 insolens
975 2874 1025 2933 est
1055 2874 1089 2932 et
1116 2870 1276 2956 superba3
1305 2869 1490 2948 clementer,
1611 2898 1613 2901 ·

439 2969 613 3046 moderate,
646 2969 808 3056 sapienter
834 2969 944 3034 omnia
967 2969 1202 3048 administrare,
1235 2969 1325 3034 labes
1352 2969 1491 3054 denique

440 3093 550 3136 omnes
580 3071 740 3158 repellere,
775 3071 888 3136 divina
918 3073 1069 3156 quaedam
1100 3071 1174 3136 laus
1208 3073 1354 3137 omnium
1386 3073 1492 3138 literis

439 3195 476 3238 ao
498 3173 618 3260 linguis
641 3173 838 3238 celebranda.
1210 3157 1214 3163 ⁴

485 3275 654 3356 Quantum
676 3275 838 3340 Henricus
862 3277 1010 3362 princeps
1038 3277 1074 3340 in
1098 3277 1189 3339 omni
1213 3277 1349 3341 virtutis
1374 3298 1492 3362 genere

440 3377 618 3462 profecerit,
650 3399 759 3442 rerum
782 3377 964 3462 explicatio
996 3399 1103 3462 quam,
1138 3377 1209 3441 sine
1239 3377 1307 3440 ullo
1341 3377 1493 3442 dictionis

438 3485 605 3564 apparatu,
625 3479 741 3562 jejuna
764 3479 938 3544 vorborum
960 3479 1198 3544 concertatione
1222 3479 1367 3544 distendi
1383 3479 1493 3544 studio

309 3569 310 3572 ¹
437 3581 653 3666 flagrantibus
684 3601 871 3666 proponam,
905 3581 1001 3644 facile
1030 3581 1168 3646 docebit.
1240 3579 1435 3646 Elaborabo'
1451 3601 1493 3644 ne

438 3683 518 3766 quid
541 3681 749 3760 desideretur,
780 3703 847 3746 non
877 3681 1049 3746 evolutum
1086 3683 1175 3759 satis,
1206 3683 1295 3768 quod
1329 3681 1495 3768 aliquibus
1605 3671 1608 3674 ⁴

438 3785 587 3848 nonnihil
603 3785 819 3848 dubitationis
834 3785 959 3848 afferat.
1002 3783 1036 3848 N
1037 3806 1082 3848 on
1095 3785 1270 3870 suscipiam
1287 3785 1331 3860 id,
1348 3785 1496 3848 oratioue
1608 3815 1612 3819 >

438 3901 511 3950 mea
543 3891 583 3950 ut
615 3907 654 3950 11
688 3885 841 3950 universa
876 3885 1043 3970 explicem,
1080 3907 1155 3968 quae
1190 3885 1295 3949 nostri
1323 3885 1496 3968 scriptores

438 3985 628 4072 attigerunt.
674 3985 786 4050 Placet
807 4007 824 4050 e
844 3985 992 4050 fontibus
1014 4007 1127 4048 eorum
1147 3985 1268 4048 indicio
1297 4007 1337 4048 ea
1355 3983 1495 4062 haurire,

439 4109 512 4172 quae
550 4087 604 4152 vel
634 4087 720 4172 regis
751 4085 945 4152 nobilissimi
977 4085 1175 4172 dignitatem
1204 4085 1411 4172 amplifieent,
1442 4087 1498 4164 vl

438 4193 602 4252 errantem
633 4187 669 4250 in
697 4187 787 4250 viam
822 4193 977 4264 revocent
1008 4192 1043 4250 et
1067 4187 1189 4250 itinera
1214 4187 1438 4252 demonstrent
1461 4189 1498 4251 in
1608 4193 1612 4196 ’

439 4289 558 4376 quibus
585 4289 654 4354 sine
684 4289 889 4376 prolapsione
921 4289 1079 4354 insistam
1125 4287 1263 4354 Henrici
1280 4350 1282 4353 .
1299 4289 1385 4376 regis
1421 4312 1499 4376 pru-
1585 4291 1588 4294 ’

440 4391 593 4466 dentiam,
614 4411 687 4474 quae
702 4391 784 4454 mibi
807 4395 886 4454 ante
905 4391 1015 4456 oculos
1038 4391 1241 4468 obversatur,
1261 4413 1329 4455 non
1348 4391 1418 4471 sine
1440 4392 1499 4456 ad-

439 4491 610 4556 miratione
642 4491 784 4576 quadam
813 4492 982 4578 suspicere,
1017 4497 1053 4556 et
1082 4493 1241 4579 singulari
1269 4492 1499 4556 benevolentia

439 4583 576 4658 eximias
597 4591 685 4658 illius
710 4591 850 4684 11111111
870 4594 1182 4680 recolerepossum
1227 4595 1407 4680 Postquam
1435 4595 1499 4658 1111-

440 4697 576 4784 perium‚
591 4693 733 4782 publico
765 4711 923 4760 consensu
954 4695 1107 4774 delatum,
1140 4688 1337 4784 arripuisset,
1365 4701 1501 4761 110011-
