3400 5709
419 875 466 940 21
753 881 935 938 arturum
957 885 1119 938 nrsrcmn

252 1075 404 1134 1111411.
417 1067 550 1142 merent,
571 1061 631 1130 ‘ue'
652 1067 692 1130 de
720 1061 832 1150 regat&
849 1063 951 1130 totius
982 1060 1148 1150 dignitate
1184 1063 1392 1148 desperarem,
1424 1062 1458 1129 si

250 1157 348 1276 {ffugi
418 1167 544 1252 quando
570 1167 661 1232 illius
691 1165 907 1252 gubernacula
935 1167 1072 1252 principi
1096 1163 1270 1230 fortissimo
1294 1167 1459 1232 traderen-

348 1265 355 1278 '
416 1269 567 1354 torqui
596 1271 728 1334 auderet
754 1267 808 1352 jus
837 1291 932 1334 suum
960 1271 1059 1356 armis
1086 1267 1242 1354 persequi,
1273 1271 1308 1332 et
1336 1289 1410 1352 quae
1439 1289 1460 1332 a

415 1371 602 1456 majoribus
620 1371 799 1436 hereditate
825 1371 997 1454 accepisset
1014 1371 1180 1436 vindicare
1199 1369 1459 1436 nondubitaret

415 1473 449 1538 N
452 1495 493 1538 on
529 1483 666 1556 possum,
699 1471 903 1536 serenissime
946 1472 1102 1557 princeps,
1132 1473 1223 1536 falsa
1260 1473 1319 1536 illa
1362 1477 1397 1536 et
1440 1493 1461 1536 a

415 1573 566 1638 veritate
589 1573 694 1636 aliena
724 1571 908 1656 dijudicare,
939 1595 1013 1658 quae
1042 1571 1462 1658 gravissimiantiquitatis

415 1675 592 1760 scriptores
617 1673 787 1736 literarum
824 1673 947 1738 lumine
983 1673 1238 1738 illustraverunt.
1304 1673 1463 1738 Praeclare

415 1799 488 1842 eum
517 1780 628 1840 nostra
663 1775 828 1862 republica
857 1775 965 1862 agitur
994 1775 1082 1860 quod
1108 1777 1147 1838 in
1179 1797 1253 1838 eum
1284 1775 1462 1862 principem
1515 1775 1518 1780 ’

414 1877 602 1954 incidimus,
633 1879 688 1964 qui
719 1879 841 1944 virtute
875 1901 935 1944 sua
963 1883 998 1944 et
1033 1877 1177 1943 hostium
1212 1877 1353 1964 impetus
1389 1899 1463 1964 pro-

415 1981 544 2066 pulsare
573 1981 675 2066 possit
705 1985 739 2046 et
769 2003 880 2044 eorum
909 1979 1079 2044 audaciam
1121 1979 1269 2066 frangere
1303 1979 1394 2056 velit,
1425 2003 1464 2044 ac

416 2105 489 2168 quae
519 2081 609 2146 nullo
636 2083 709 2168 jure
733 2081 920 2148 alienissimi
941 2081 1089 2148 homines
1113 2081 1171 2146 diu
1193 2083 1397 2147 retinuerint
1420 2081 1463 2144 ab

414 2183 535 2250 eisdem
558 2183 683 2248 auferre
705 2181 743 2250 ¹et
769 2185 890 2270 eripere
915 2185 1055 2248 audeat:
1080 2184 1166 2248 ferro
1188 2189 1223 2248 et
1245 2193 1344 2248 manu
1368 2205 1464 2270 expe-

413 2285 571 2362 riendum,
598 2309 670 2350 curn
688 2285 857 2350 Gallorum
879 2309 918 2350 ea
943 2285 1086 2350 conditio
1107 2286 1158 2364 sit,
1186 2286 1381 2370 quibuscum
1399 2309 1465 2352 cer-

413 2393 524 2450 tamen
553 2387 597 2450 sit
625 2387 780 2462 futurum,
806 2393 845 2450 ut
871 2393 1006 2474 gravate
1032 2387 1140 2450 ferant
1165 2387 1276 2472 inique
1300 2391 1465 2452 retentum

394 2489 565 2554 amittere
602 2489 760 2574 quamdiu
792 2489 844 2552 vel
873 2489 1011 2552 minima
1041 2511 1114 2576 spes
1143 2489 1351 2576 possessionis
1388 2489 1466 2554 reti-

296 2583 299 2588 ’
413 2591 529 2656 nendee
558 2611 625 2656 non
656 2591 756 2656 fuerit
781 2591 922 2678 praecisa.
968 2591 1134 2670 Praeclare,
1161 2591 1309 2678 princeps
1333 2591 1466 2656 nobilis-

414 2695 502 2774 sime,
533 2693 597 2758 tibi
635 2717 655 2756 1
684 2693 863 2780 majoribus
891 2694 1028 2758 ducatus
1053 2693 1265 2758 Normandiae
1289 2701 1323 2760 et
1346 2694 1467 2780 Aequi-

413 2795 520 2870 taniee,
544 2817 610 2858 una
625 2819 698 2860 oum
713 2795 899 2882 regionibus
913 2792 1016 2882 prope
1035 2795 1159 2882 positis,
1174 2797 1373 2876 traduntur;
1394 2801 1468 2860 tota

413 2897 471 2962 illa
502 2895 668 2964 Gaseoniae
697 2897 809 2962 insula
833 2899 910 2984 jure
942 2897 1136 2964 hereditatis
1164 2897 1379 2984 relinquitur3
1408 2921 1468 2964 nec

413 2999 478 3064 ista
499 3005 631 3062 tanturn
651 2999 716 3062 tibi
739 2999 906 3076 debentur,
927 2999 1179 3086 si'consopitam
1200 3006 1293 3064 tuam
1314 3001 1351 3062 in
1371 3001 1468 3064 rebus

412 3101 565 3164 maximis
591 3101 740 3188 gerendis
771 3115 811 3166 'ac¹
827 3101 957 3188 jamdiu
979 3103 1181 3166 retardatam
1203 3090 1469 3168 consuetudinem

413 3205 554 3270 excitare
577 3205 745 3284 volueris3
775 3205 832 3270 sed
858 3207 1048 3270 universum
1077 3205 1161 3269 illud
1185 3205 1301 3272 Galliae
1330 3227 1468 3292 regnum

411 3313 446 3372 te
476 3329 591 3388 verum
618 3313 651 3372 et
676 3301 863 3394 legitimum
888 3309 1067 3393 principem
1095 3298 1263 3372 Gallorum
1288 3309 1467 3393 profitetur.

459 3409 571 3476 “Cum
591 3411 679 3474 enim
699 3431 781 3474 avus
804 3415 882 3474 tuus
906 3409 1090 3474 Edwardus
1115 3411 1234 3474 tertius
1259 3415 1294 3474 te
1316 3409 1468 3474 heredem

413 3535 508 3578 suum
538 3515 698 3598 agnoscat,
732 3533 805 3596 quae
839 3513 984 3577 amentia
1016 3500 1172 3598 praeclare
1202 3511 1316 3577 relicta
1352 3516 1412 3576 nec
1449 3533 1470 3574 a

412 3615 589 3702 majoribus
619 3615 688 3680 sine
717 3617 876 3702 sanguine
905 3615 1072 3700 acquisita,
1103 3615 1310 3701 negligentia,
1335 3613 1469 3691 incuria,

413 3725 447 3782 et
476 3717 577 3782 animi
607 3717 802 3784 infractione
831 3717 1002 3782 amittere!
1042 3715 1089 3781 Te
1119 3717 1235 3782 ducem
1263 3728 1374 3782 omnes
1397 3737 1470 3802 pos

412 3827 499 3902 cunt,
524 3821 588 3908 qui,
608 3821 637 3886 si
657 3821 782 3886 bellurn
804 3821 972 3896 indixeris,
1000 3821 1044 3884 ad
1067 3841 1160 3884 arma
1183 3819 1376 3904 aeqrrissimis
1401 3820 1471 3884 ani-

412 3925 474 3988 mis
501 3923 715 4010 confugient3
738 3947 799 3988 nec
821 3923 914 4008 justa
936 3927 1045 3986 metus
1068 3943 1168 3986 causa
1191 3923 1303 3986 oblata
1326 3925 1384 3998 est,
1405 3940 1472 4004 qua

411 4025 604 4112 perterritus
634 4047 655 4088 1
683 4025 868 4088 fortissimis
892 4024 1036 4088 consiliis
1060 4023 1211 4108 refugias.
1257 4023 1354 4088 Juste
1383 4045 1472 4110 gere-

411 4133 467 4190 tur
492 4127 624 4202 bellrrm,
648 4147 722 4190 cum
749 4131 784 4190 et
807 4147 859 4190 res
883 4129 953 4190 tuae
976 4129 1169 4210 repetentur
1194 4129 1229 4190 et
1252 4130 1351 4190 antea
1371 4125 1473 4190 fuerit

412 4229 643 4292 denunciatum
665 4249 701 4292 ac
725 4225 894 4292 indictum.
949 4225 1058 4298 Nemo
1084 4227 1165 4292 forti
1191 4232 1226 4292 et
1248 4229 1335 4292 elato
1362 4229 1472 4292 animo

411 4351 511 4392 manu
540 4351 615 4394 eum
639 4329 744 4394 Gallis
774 4329 947 4414 confligere
977 4329 1151 4405 recusabit,
1182 4330 1241 4414 qui
1269 4335 1304 4394 te
1333 4329 1475 4394 fortunis

309 4501 310 4504 Ἴ
355 4499 356 4502 ¹
411 4421 633 4514 amplissimis
649 4421 827 4514 spoliatum
856 4429 1025 4514 hucusque
1055 4431 1298 4496 defraudammt.
1347 4431 1475 4518 Aggre-

326 4571 329 4578 ·
411 4533 494 4610 dere,
519 4531 721 4596 nobilissime
750 4533 908 4620 princeps,
933 4534 1083 4598 homines
1113 4547 1202 4598 acres
1231 4539 1267 4599 et
1291 4535 1392 4598 fortes
1416 4535 1475 4620 qui

183 4701 185 4706 ,
411 4635 478 4700 tuis
504 4633 716 4700 incommodis
743 4657 778 4700 se
804 4635 1026 4724 locupletant:
1053 4635 1115 4700 hos
1140 4635 1169 4700 si
1194 4637 1282 4700 bello
1308 4637 1473 4712 deviceris,

261 4735 262 4740 ’
367 4781 369 4786 ,
412 4737 559 4802 omniurn
576 4735 686 4804 ‘literis
708 4743 747 4804 et
764 4737 887 4826 linguis
908 4739 1023 4805 laudes
1045 4745 1115 4806 tuae
1136 4739 1395 4807 celebrabuntur.
