3400 5709
566 875 568 878 ·
644 867 794 916 nnumor
811 861 866 916 vr.
1228 853 1269 918 19

229 1101 233 1106 .
279 1037 395 1102 iussus
417 1037 541 1102 idcirco·
557 1035 740 1100 Oobhaurus
766 1039 822 1112 est,
845 1055 920 1100 oum
942 1037 1086 1099 maxima
1109 1035 1266 1099 nobilium
1279 1049 1346 1102 ar).
1361 1056 1431 1106 rna

224 1163 348 1208 :corona
376 1139 594 1204 circumfusus
612 1139 743 1214 sederet,
775 1157 904 1205 oausam
933 1157 1024 1202 suam
1057 1157 1204 1222 perorare
1233 1141 1266 1200 ct
1277 1129 1319 1244 g}
1317 1133 1351 1246 nis
1361 1131 1429 1183 0011'1·

233 1253 290 1332 pro
312 1263 345 1306 se
367 1241 476 1306 dicere.
523 1241 563 1318 Is,
587 1239 701 1306 invicti
724 1239 824 1304 animi
844 1239 1068 1326 magnitudine
1090 1243 1124 1302 et
1144 1237 1264 1314 robore,
1277 1270 1304 1310 ιο
1316 1267 1387 1328 pm

232 1343 465 1430 quamvisjam
487 1343 598 1408 multis
614 1343 807 1408 'vulneribus
829 1343 980 1420 concisus,
1004 1342 1111 1406 noluit
1135 1339 1268 1406 liberius
1279 1332 1413 1448 beffifflffie

157 1499 159 1510 „
223 1447 401 1532 quricquam
438 1467 495 1532 pro
526 1467 559 1510 se
589 1445 652 1510 dici
682 1451 781 1532 quam
806 1445 947 1530 simplex
982 1445 1132 1508 veritatis
1165 1443 1269 1508 oratio
1339 1417 1371 1452 es.

233 1553 401 1638 pateretur.
448 1547 497 1614 De
537 1571 574 1612 eo
607 1547 668 1612 hoo
697 1571 773 1612 vere
802 1547 915 1612 videor
944 1547 1087 1612 dicturus
1115 1547 1203 1634 quod
1232 1546 1272 1610 de
1341 1559 1344 1562 ’

233 1651 362 1718 Socrate
385 1649 495 1716 Oicero
517 1655 652 1736 usurpat
674 1651 826 1726 oratione,
843 1649 1027 1714 adhibuisse
1045 1671 1120 1714 eum
1136 1649 1272 1712 liberam

232 1751 464 1818 contumaciam
502 1775 522 1816 a
553 1753 782 1838 ¹magnitudine
821 1751 923 1814 animi
959 1772 1026 1814 non
1063 1775 1084 1814 a
1122 1751 1273 1838 superbia

232 1855 379 1936 ductam;
403 1855 458 1918 sed
480 1877 522 1920 ne
547 1855 583 1918 iu
604 1853 918 1942 regis'offensionem
944 1853 1087 1938 graviter
1106 1853 1269 1930 incideret,

230 1961 287 2020 aut
313 1959 358 2022 eis
385 1957 565 2042 displiceret
589 1979 668 2042 quos
694 1961 825 2042 pacatos
849 1961 884 2020 et
910 1977 1014 2020 causae
1032 1977 1099 2022 suae
1119 1961 1273 2042 patronos

231 2057 470 2144 concupisceret,
493 2059 542 2124 ita
564 2081 704 2125 exorsus
719 2063 814 2126 est—-
1124 2047 1128 2050 ⁴

274 2167 292 2192 “
303 2159 410 2224 Causa
424 2159 509 2238 facit,
526 2161 719 2226 nobilissimi
739 2161 812 2238 uiri,
829 2181 871 2224 ne
891 2183 912 2224 a
927 2159 1105 2246 Cyrenaico
1120 2159 1272 2248 Hegesia,
1285 2177 1439 2250 Hisspeeca

230 2261 268 2326 de
305 2283 368 2346 quo
407 2267 456 2326 est
491 2263 583 2350 apud.
612 2263 827 2350 philosophos,
858 2263 968 2328 valde.
991 2255 1181 2328 dissentiam
1193 2289 1203 2342 3
1240 2269 1274 2330 et

115 2417 119 2422 .
229 2365 376 2446 quamvis
409 2367 511 2430 oratio
542 2365 689 2452 lugubris
720 2367 771 2444 sit,
796 2367 912 2430 luctus
949 2369 983 2430 et
1016 2365 1135 2429 doloris
1168 2367 1271 2452 plena,

223 2465 305 2528 ,vitae
337 2467 536 2532 calamitates
563 2467 735 2532 lamentari
761 2467 859 2532 liceat
888 2472 1000 2530 tamen
1028 2489 1086 2552 per
1115 2489 1182 2544 vos,
1213 2489 1274 2532 nec

228 2567 425 2630 Simonidem
449 2567 585 2652 rejicere,
611 2569 801 2654 Euripidem
825 2573 1036 2643 contemnere,
1061 2573 1121 2630 aut
1144 2567 1274 2632 Plutar-

226 2669 320 2732 chum
361 2669 498 2732 inertem
541 2671 695 2754 nullaque
735 2691 845 2734 rerum
888 2669 1071 2754 cognitione
1108 2669 1273 2752 imbutum

220 2769 365 2854 judicare
377 2795 384 2848 ;
409 2791 545 2854 quorum
571 2771 746 2858 prudentia
770 2775 855 2834 esset
876 2771 1077 2854 requirenda,
1102 2771 1130 2833 si
1154 2776 1275 2834 natura

223 2871 304 2936 nihil
340 2871 420 2936 mali
453 2873 489 2934 in
526 2873 597 2936 vita
634 2873 800 2958 posuisset.
857 2869 945 2935 Viva
979 2891 1059 2936 voce
1096 2870 1275 2954 loquuntur

224 2993 340 3050 ornnes
364 2973 659 3038 turbulentissimas
688 2975 725 3038 in
755 2993 888 3058 corpore
916 2973 1103 3038 constitutis
1135 2978 1275 3060 tempes-

222 3081 305 3140 tates
344 3075 471 3140 oboriri.
517 3075 559 3138 In
590 3075 773 3152 solitudine,
802 3075 921 3140 remoti
950 3097 972 3138 a
998 3075 1149 3162 negotiis,
1180 3097 1275 3160 aequo

222 3177 328 3242 animo
352 3177 463 3242 vivere
493 3177 661 3262 sapientiae
691 3177 788 3242 duces
819 3197 887 3238 non
915 3175 1043 3254 ferrent,
1069 3177 1161 3241 sica
1190 3181 1275 3242 esset

97 3313 98 3316 ¹
209 3279 254 3342 Tsin
287 3279 359 3344 vita
388 3279 577 3362 jucunditas
615 3299 713 3364 quam
751 3277 915 3364 opinionis
952 3299 1058 3342 errore
1094 3279 1274 3342 multitudo

220 3381 265 3444 fin
289 3381 321 3446 ‘t

264 3403 382 3560 &Vita
399 3479 547 3544 laborum
568 3481 722 3558 cumulus,
748 3479 833 3546 curis
856 3479 993 3544 mortale
1008 3501 1110 3566 genus
1132 3479 1271 3558 conficit,

218 3589 250 3650 ct
271 3585 314 3650 ad
337 3585 518 3650 coelestium
544 3605 653 3648 rerum
677 3581 899 3668 cognitionem
922 3581 1113 3646 anhelantes
1142 3587 1273 3646 terrena

204 3689 298 3752 ¹mole
327 3683 479 3750 retardat.
527 3685 570 3748 ln
592 3685 652 3748 hoc
674 3683 840 3748 communi
865 3683 984 3768 spiritu
1004 3683 1089 3746 nihil
1111 3689 1161 3746 est
1183 3685 1272 3766 quod

215 3785 345 3850 fortuna
373 3809 441 3850 non
469 3785 590 3864 feriat3
628 3789 669 3860 et,
712 3789 872 3868 tanquam
917 3783 1091 3868 imperiosa
1129 3783 1269 3860 domina,

214 3887 364 3954 universa
394 3891 526 3974 torquet
557 3887 600 3950 ad
631 3907 710 3950 usus
742 3885 913 3950 hominum
945 3883 1134 3970 spectantia.
1180 3883 1271 3948 Pria-

204 4011 302 4054 mum
340 3989 412 4056 vira
442 3989 479 4052 in
511 3989 607 4052 malis
643 3989 797 4064 exercuit,
838 4009 936 4072 quem
972 4007 1032 4052 nec
1069 3987 1271 4072 amplissima

122 4139 123 4142 η
204 4091 343 4170 familia,
368 4113 427 4156 nec
451 4091 549 4176 regiae
580 4113 664 4176 opes,
690 4111 749 4154 neo
779 4089 1022 4154 familiaritates
1047 4089 1227 4152 amicorum
1248 4113 1271 4154 a

212 4191 350 4256 fortunae
378 4193 505 4278 impetu
535 4197 769 4256 conservarunt
792 4191 1002 4254 incolumem
1049 4190 1191 4275 Copiosa
1221 4199 1272 4256 est

194 4289 356 4358 'Platonis
386 4293 422 4356 in
451 4293 602 4358 Aniocho
633 4297 667 4358 et
696 4293 793 4358 fortis
827 4297 942 4358 contra
978 4297 1119 4356 mortem
1157 4295 1271 4358 oratio.

211 4391 292 4456 Vult
312 4393 461 4480 princeps
487 4395 542 4460 ille
568 4395 836 4480 philosophorum
863 4392 995 4472 efficere,
1020 4395 1057 4457 in
1078 4393 1182 4458 animi
1204 4417 1272 4460 cor-

211 4495 359 4582 porisque
397 4497 527 4580 direptu
567 4495 652 4560 nihi-l
679 4495 836 4560 horribile
875 4495 1027 4573 inveniri,
1064 4517 1125 4560 neo
1165 4499 1272 4584 magis

170 4585 174 4592 “
210 4595 380 4678 quicquam
410 4597 570 4662 molestiae
597 4597 644 4662 'in
680 4599 756 4684 ipsa
783 4601 889 4662 morte
920 4619 1020 4682 quam
1058 4603 1135 4684 post
1163 4599 1270 4684 ipsam

203 4697 353 4780 relinqui,
385 4711 470 4764 cum
490 4719 566 4784 pars
582 4699 654 4764 ¹illa
685 4697 836 4778 divinior,
864 4699 1013 4764 extincto
1044 4721 1185 4786 corpore,
1225 4703 1269 4764 ad

1019 4805 1085 4862 132
