3400 5709
645 875 790 928 nnumor
812 867 866 926 vm.
1226 862 1271 932 37

239 1073 334 1142 quam
363 1049 400 1114 in
428 1049 586 1114 communi
617 1071 725 1114 eorum
756 1047 828 1112 odio
854 1049 981 1112 versari.
1036 1049 1157 1112 Rerum
1182 1049 1434 1112 animanda.

239 1155 380 1226 omnium
416 1175 475 1216 nec
516 1151 621 1238 aptius
657 1157 706 1216 est
744 1151 914 1236 quicquam
943 1151 986 1214 ad
1022 1171 1097 1236 opes
1132 1151 1269 1214 tuendas

239 1277 334 1346 quam
372 1253 469 1340 diligi,
501 1275 559 1318 nec
585 1253 719 1316 alienius
746 1273 842 1336 quam
872 1251 986 1316 timeri
1032 1251 1070 1316 Si
1098 1253 1269 1316 verborum

237 1355 337 1446 gloria
366 1355 531 1418 vobiscmn
561 1355 791 1430 contenderem,
819 1375 886 1418 non
915 1359 998 1418 esset
1025 1353 1121 1418 multi
1146 1351 1270 1418 sudoris

94 1427 95 1432 ἵ
172 1497 173 1502 1
237 1479 315 1544 opus
343 1457 379 1518 in
408 1459 520 1522 nostra
547 1455 708 1540 republica
738 1457 829 1540 paria
866 1454 1035 1542 dignitatis
1074 1459 1268 1530 ornamenta,

235 1557 382 1648 praesidia
411 1553 606 1634 stabilitatis,
637 1559 671 1622 et
700 1557 877 1622 amicorum
901 1556 1144 1622 multitudinem
1166 1549 1300 1622 osten·¹

236 1661 315 1726 dere.
361 1657 426 1724 Sed
447 1679 514 1724 non
538 1659 573 1724 id
597 1659 711 1744 agitur,
738 1681 809 1744 quae
833 1661 870 1724 in
891 1665 1028 1746 utraque
1050 1665 1148 1746 gente
1166 1661 1270 1746 digni-

169 1817 170 1822 ,
234 1769 284 1826 tas
310 1763 343 1824 et
372 1761 558 1844 amplitude.
604 1759 721 1824 Valeat
750 1761 941 1826 auctoritate
970 1761 1056 1846 apud
1081 1782 1154 1826 suos
1183 1763 1271 1846 prin-

235 1883 305 1946 ceps
334 1865 448 1940 vester,
481 1883 537 1946 per
565 1861 718 1926 melleet
747 1863 862 1926 floreat
887 1861 1009 1946 opibus,
1036 1862 1125 1924 nulla
1148 1883 1199 1925 res
1227 1861 1271 1926 ad

234 1963 310 2028 vitae
348 1985 424 2026 usus
464 1961 639 2028 necessaria
678 1963 720 2042 ab
762 1961 905 2026 externis
946 1961 1166 2038 desideratum
1210 1983 1270 2028 nos

232 2065 341 2128 nostra
355 2063 487 2126 fortuna
501 2063 617 2126 erimus
638 2063 788 2126 contenti.
829 2063 1018 2127 Restituunt
1031 2066 1142 2126 tamen
1163 2067 1270 2148 pater·

231 2185 306 2228 nam
336 2165 428 2228 nobis
454 2165 679 2242 hereditatem,
696 2169 762 2244 aut,
778 2165 872 2228 brevi
896 2163 1050 2250 temporis
1080 2165 1185 2250 spatio
1215 2165 1271 2228 de·

231 2287 328 2342 emsa,
360 2265 526 2330 Gallorum
562 2267 656 2332 tectis
695 2271 728 2330 et
761 2267 865 2346 sartis,
896 2287 935 2332 ao
969 2265 1128 2350 laqueatis
1159 2287 1270 2331 eorum

231 2367 377 2430 domibus
406 2367 498 2452 ignes
522 2367 695 2452 subjiciam.
744 2367 864 2432 Omnia
891 2367 974 2430 mihi
1002 2362 1122 2450 injuste
1152 2373 1268 2452 erepta,

230 2465 270 2542 vi,
297 2465 388 2544 ferro,
417 2489 454 2532 ao
483 2469 604 2534 invicto
626 2455 780 2532 ¹exercitu
809 2469 844 2556 in
868 2471 1062 2552 potestatem
1086 2489 1192 2530 meam
1215 2468 1272 2530 ad-

230 2567 348 2640 ducam.
407 2567 572 2632 Gallorum
601 2567 784 2632 insolentia·
804 2573 837 2632 et
861 2569 981 2654 linguae
1006 2569 1183 2653 procacitas
1204 2591 1271 2632 non

228 2669 365 2732 multum
386 2691 438 2732 me
460 2669 564 2732 movit
575 2693 583 2748 ;
603 2675 775 2754 postquam
797 2669 833 2732 in
856 2691 967 2732 eorum
987 2669 1068 2732 fines
1086 2691 1268 2752 pervenero,

94 2759 96 2768 ¹
143 2831 145 2836 χ
228 2769 425 2834 ferocitatem
450 2791 559 2832 eorum
582 2769 792 2854 comprimam
820 2771 856 2832 et
880 2769 1026 2832 homines
1047 2769 1186 2831 nimium
1207 2771 1271 2834 sibi

227 2871 430 2954 praefidentes
456 2867 612 2954 subigam,
638 2873 677 2932 nt
702 2867 822 2932 devicti
848 2856 925 2932 rere
948 2868 1121 2948 fateantur,
1145 2867 1269 2953 Anglos

227 2969 347 3044 oaeteris
377 2969 564 3032 nationibus
594 2969 709 3034 bellica
738 2969 863 3034 virtute
892 2975 927 3032 et
963 2989 1042 3032 vera
1077 2967 1269 3034 fortitudine

178 3087 179 3090 ’
225 3091 390 3154 nunquam
414 3069 515 3134 fuisse
538 3067 731 3134 inferiores.”
1035 3143 1038 3148 ,

268 3171 350 3250 Haeo
372 3193 446 3236 cum
465 3171 610 3256 graviter
621 3171 787 3252 ,nomicos
802 3171 986 3236 astantibus
1001 3169 1103 3236 Gallis
1122 3171 1266 3248 dixisset,

95 3335 97 3338 .
225 3271 375 3334 admirari
399 3271 462 3336 visi
488 3275 565 3334 sunt
587 3269 688 3356 legati
717 3271 803 3336 illius
829 3271 995 3348 virtutem,
1020 3276 1055 3334 et
1076 3271 1268 3336 addubitare

170 3417 172 3420 -
225 3377 397 3456 coeperunt,
435 3391 476 3434 ne
513 3393 619 3448 rerum
654 3371 800 3434 omnium
830 3371 984 3436 interitus
1013 3377 1267 3456 consequeretur.

207 3471 334 3546 ,Maesti
363 3473 466 3558 igItur
495 3476 529 3535 et
558 3471 694 3536 attoniti
727 3493 745 3536 e
782 3473 875 3558 regni
905 3473 1026 3536 finibus
1056 3473 1267 3536 decesserunt.
1281 3485 1436 3538 marronea

223 3571 382 3638 Hemious
413 3571 523 3636 omnia
552 3593 625 3656 quae
649 3593 667 3636 e
691 3593 726 3636 re
750 3593 810 3636 sua
831 3571 944 3636 futura
967 3578 1074 3637 essent
1098 3573 1267 3660 diligentia
1279 3554 1421 3669 22¹2?de

223 3675 412 3760 proouravit
460 3673 577 3738 Cautio
602 3673 707 3738 omnis
735 3673 885 3736 adhibita
909 3671 982 3752 fuit,
1008 3695 1052 3736 ne
1076 3695 1184 3736 rerum
1210 3695 1267 3736 an·
1280 3691 1344 3746 pua

221 3777 327 3860 grstia
348 3773 588 3840 conflictaretur
610 3773 776 3838 exercitus.

264 3875 446 3960 Praeposuit
476 3895 616 3938 summos
646 3873 734 3938 viror,
765 3895 903 3958 quorum
932 3873 1039 3938 virtus
1067 3875 1105 3936 in
1133 3873 1269 3958 ancipiti
1280 3893 1393 3944 herenee

219 3961 302 4040 bello
340 3965 469 4060 egregia
507 3975 678 4052 extitisset,
714 3975 771 4060 qui
801 3975 915 4040 Scotos
948 3977 990 4038 ab
1022 3976 1111 4038 omni
1146 3973 1268 4058 injuria
1280 3961 1380 4076 ἓξὲξ*
1389 3960 1432 4010 the

219 4075 254 4140 in
282 4075 385 4142 officio
416 4075 625 4142 continerent.
672 4075 777 4142 Eleoti
807 4075 850 4140 ad
879 4076 915 4140 id
943 4094 1061 4140 munus
1091 4077 1269 4162 gerendum

219 4177 317 4262 regia
332 4179 535 4256 auctoritate,
561 4199 665 4244 comes
684 4177 975 4254 Westmerlandiae,
1002 4178 1151 4242 dominus
1176 4179 1271 4244 Sero·

219 4297 286 4360 pus,
313 4277 514 4342 Grestoclriae
538 4277 625 4356 baro,
657 4283 691 4342 et
717 4277 882 4342 Robertus
909 4277 1125 4342 Umfrevillus
1155 4277 1268 4356 miles3

219 4379 334 4460 quibus
370 4379 495 4442 infiniti
542 4379 598 4442 alii
635 4383 814 4464 praestante
851 4379 977 4442 virtute
1002 4379 1078 4442 viri
1114 4379 1271 4465 adjunge·

219 4475 343 4542 bantur.
389 4477 439 4542 Hi
460 4477 630 4544 Scotorum
654 4479 832 4558 andaciam,
860 4483 1027 4544 vetustate
1050 4485 1085 4544 et
1108 4503 1172 4544 usu
1193 4499 1271 4564 quo-
1284 4511 1327 4562 Sir
1337 4512 1442 4564 mm,

219 4577 292 4640 dam
315 4581 563 4658 corroboratam,
585 4573 759 4666 fregerunt.
807 4581 1022 4646 Umfrevillus
1046 4603 1150 4666 parva
1171 4601 1272 4644 manu
1282 4577 1433 4628 tenuere-

217 4673 487 4746 innumerabilem
517 4679 688 4748 Scotorum
717 4679 964 4748 multitudinem
993 4680 1089 4760 fudit,
1119 4687 1157 4746 et
1188 4697 1271 4766 prae-
1284 4659 1400 4760 §ime
