3400 5709
456 821 474 882 6
781 799 783 806 ’
876 828 1068 881 anniceris.

288 1005 647 1090 neucesaamplffioare
678 995 844 1072 voluerim.
891 1004 976 1072 Oum
1017 1005 1099 1070 mihi
1131 1005 1169 1070 in
1203 1008 1346 1098 mentem
1375 1007 1502 1071 reniret
1579 1024 1581 1027 ·

453 1125 669 1188 senescentem
698 1145 798 1208 prope
822 1121 957 1188 Henrici
979 1121 1086 1208 quinti
1107 1121 1290 1208 Anglorum
1318 1120 1404 1208 regis
1431 1123 1502 1186 lau-

455 1237 528 1308 dem
555 1237 596 1304 ab
629 1237 793 1304 oblivione
831 1237 1001 1302 hominum
1029 1241 1129 1320 atque
1161 1259 1183 1300 a
1215 1235 1343 1300 silentio
1374 1235 1502 1322 scriptis

454 1353 625 1430 vindicare,
646 1360 703 1419 tu
739 1353 935 1429 occurrebas,
969 1373 1012 1416 ex
1048 1373 1168 1436 magna
1195 1351 1355 1416 nobilium
1391 1351 1502 1421 multi-

454 1469 567 1532 tudine
589 1469 649 1532 1100
671 1487 805 1532 munere
831 1467 1061 1556 dignissimus5
1089 1465 1183 1551 cujus
1205 1467 1343 1552 majores
1364 1465 1502 1552 principi

453 1587 563 1658 nostro
585 1581 707 1644 bellum
736 1579 773 1642 11
798 1579 905 1644 Gallia
932 1579 1062 1664 gerenti
1086 1581 1276 1664 praeclaram
1304 1601 1434 1664 operam
1468 1585 1503 1646 et

452 1681 550 1760 fidem
583 1695 814 1780 praestiterunt.
876 1693 965 1772 Quos
989 1695 1029 1758 de
1055 1695 1161 1780 gradu
1188 1699 1223 1760 et
1252 1695 1376 1760 invicta
1401 1695 1502 1760 animi

452 1807 676 1896 magnitudine
710 1811 809 1874 nullae
841 1809 989 1896 procellae
1022 1813 1081 1874 aut
1112 1815 1331 1896 tempestates,
1364 1833 1437 1897 quae
1466 1811 1503 1874 in

451 1925 564 1988 ardore
598 1925 782 2016 certaminis
815 1929 848 1988 et
877 1925 957 1989 beffi
985 1925 1099 1989 multae
1126 1946 1164 1990 ac
1188 1925 1289 1990 variae
1318 1931 1419 2002 erant,
1442 1948 1503 1990 un-
1609 2003 1612 2006 ⁴

453 2044 749 2130 quampotuerunt
772 2039 914 2124 dejicere.
962 2039 1094 2120 Quanta
1119 2039 1262 2126 pericu1a
1286 2045 1501 2126 susceperunt,

452 2157 578 2240 quoties
608 2155 644 2246 in
666 2155 927 2240 discrimenpro
949 2156 1066 2248 patria⁴
1080 2157 1220 2220 salutem
1249 2155 1439 2248 abtulerunt
1468 2159 1502 2220 et

452 2269 492 2332 de
516 2271 619 2354 capite
643 2267 845 2344 dimicarunt,
870 2274 1019 2333 veterum
1039 2269 1189 2361 historiae
1209 2267 1332 2334 docent.

497 2381 605 2446 Multa
652 2381 738 2446 bella
777 2381 940 2448 Henricus
985 2385 1120 2448 armatis
1166 2384 1333 2462 militibus,
1379 2384 1502 2449 invicto

453 2497 604 2576 exercitu,
630 2501 664 2562 et
684 2497 870 2586 ¹incredibiJi
895 2499 998 2562 animi
1025 2499 1142 2564 robore
1172 2501 1209 2564 in
1231 2499 1339 2564 Gassia
1359 2499 1510 2572 confecit„

454 2613 540 2678 Galli
569 2635 589 2676 a
610 2613 729 2702 nostris
753 2635 838 2698 saepe
867 2613 949 2677 victi
978 2620 1013 2678 et
1033 2613 1100 2678 fusi
1129 2619 1223 2678 erant
1234 2639 1243 2694 ;
1264 2619 1361 2678 tanta
1381 2613 1446 2678 fuit
1468 2618 1504 2678 et

453 2733 522 2792 tam
552 2725 750 2800 incredibilis
779 2727 816 2790 11
839 2725 982 2792 Hernico
1011 2749 1087 2814 rege
1113 2727 1217 2792 animi
1242 2727 1441 2812 magnitudo,
1464 2733 1505 2792 ut

451 2841 545 2906 facile
582 2843 616 2906 in
645 2841 895 2930 ¹contentionem
930 2843 1059 2906 veniret
1095 2863 1171 2906 cunr
1207 2841 1351 2926 antiquis
1384 2841 1504 2906 Roma

452 2979 568 3020 norum
614 2957 757 3034 ducibus,
796 2979 935 3042 quorum
978 2957 1067 3021 fama
1108 2957 1311 3044 posteritatis
1347 2957 1505 3021 memoria

453 3071 638 3134 celebratur.
686 3071 748 3134 Ille
778 3091 836 3162 per
862 3092 1023 3134 summam
1047 3071 1202 3155 injuriam
1224 3071 1335 3156 inique
1357 3093 1379 3134 a
1401 3071 1505 3145 Gallis
1595 3104 1597 3107 ·

452 3189 582 3248 retenta
618 3185 717 3250 armis
754 3185 965 3272 recuperavit,
1005 3191 1040 3248 et
1077 3185 1226 3248 homines
1263 3185 1403 3248 nimium
1419 3261 1422 3269 ἶ
1440 3185 1505 3250 sibi

453 3299 658 3394 praefidentes
681 3323 718 3364 ac
750 3299 899 3364 secundis
919 3299 1017 3362 rebus
1039 3301 1143 3362 elatos
1164 3299 1324 3384 repressit.
1381 3299 1503 3364 Docuit

453 3413 532 3500 quid
564 3419 649 3478 esset
677 3413 778 3478 fortes
807 3415 896 3480 viros
917 3413 962 3478 ad
990 3437 1081 3477 arma
1106 3437 1223 3478 vocare
1253 3419 1287 3478 et
1312 3415 1356 3478 ad
1380 3415 1504 3480 bellum

453 3529 691 3616 suscipiendum
705 3529 878 3616 impellere.
924 3527 980 3598 Ita
998 3527 1109 3592 faciles
1123 3529 1232 3594 exitus
1247 3529 1354 3592 multa
1368 3527 1505 3621 Henrici

453 3645 566 3730 praelia
588 3645 780 3722 habuerunt,
804 3649 844 3710 ut
870 3644 958 3728 quod
988 3643 1024 3707 in
1046 3665 1100 3708 ore
1125 3642 1249 3710 Caesari
1269 3665 1504 3728 nonnunquam

453 3763 544 3836 esset,
562 3757 662 3836 VENI,
687 3773 774 3834 VIDI,
795 3773 878 3836 Vror,
901 3757 938 3822 id
960 3757 1080 3822 crebris
1097 3757 1299 3849 sermonibus
1320 3755 1511 3848 Anglorum

452 3873 601 3960 princeps
626 3875 804 3958 usurparet.

499 3989 536 4054 Si
558 3989 770 4076 cogitationes
792 3993 867 4052 tuas
889 3988 933 4052 ad
954 3988 1108 4072 praeclara
1128 3992 1314 4052 nostrorum
1335 4007 1503 4074 procerum
1607 3980 1609 3983 ’

453 4103 595 4166 facinora
615 4123 689 4186 quae
711 4103 747 4166 111
768 4101 876 4166 Gallia
897 4101 1081 4178 effecerunt,
1103 4101 1242 4166 historia
1260 4121 1372 4166 earum
1393 4119 1503 4166 rerum

414 4291 416 4294 ¹
453 4215 542 4300 prius
564 4235 631 4280 non
651 4213 820 4300 explicata,
835 4215 1046 4292 traducerem,
1068 4215 1151 4278 111111
1169 4236 1286 4300 parum
1308 4215 1504 4280 consuluisse

453 4329 589 4406 viderer,
606 4327 662 4412 qui
683 4329 885 4412 susceperim,
905 4331 1031 4394 concisa
1045 4335 1080 4394 et
1097 4335 1238 4416 angusta
1257 4331 1410 4406 oratione,
1430 4351 1505 4394 nos-

416 4515 418 4532 }
452 4447 579 4508 trorum
603 4443 774 4508 1101111111
799 4465 850 4508 res
876 4448 985 4530 gestas
1007 4445 1044 4508 in
1070 4442 1188 4515 Gallia,
1201 4443 1334 4538 iJJigare.
1395 4443 1502 4506 'suum

453 4559 511 4634 est,
534 4557 781 4622 honoratissime
805 4557 944 4636 domine,
969 4557 1050 4645 quid
1072 4559 1156 4622 mihi
1179 4557 1281 4625 animi
1303 4557 1355 4635 sit,
1380 4559 1418 4637 in
1442 4557 1504 4622 1100
1608 4646 1610 4649 ¹

453 4693 550 4768 novo⁸
567 4677 602 4738 et
642 4673 799 4738 inusitato
840 4671 1023 4760 scriptionis
1048 4693 1178 4760 genere,
1211 4673 1254 4736 ad
1282 4673 1424 4760 teipsum
1453 4695 1502 4738 rew
