3400 5709
663 839 854 888 nnmonmo.
1255 827 1274 892 7

91 993 94 1070 l
168 1047 169 1050 κ
234 1009 322 1076 ferre.
382 1007 452 1074 Tua
488 1013 647 1094 praestans
684 1013 718 1074 et
755 1007 927 1094 singularis
963 1013 1082 1070 natura
1116 1027 1276 1070 summam
1285 1013 1440 1066 Deneation.

234 1121 431 1190 alacritatem
453 1121 536 1184 mihi
559 1119 664 1198 affert,
701 1125 734 1184 et
757 1121 839 1184 bene
860 1141 988 1206 sperare
1008 1119 1113 1202 jubet,
1132 1141 1192 1184 nec
1216 1121 1277 1184 im·

196 1305 198 1310 ,
233 1235 409 1322 peritorum
432 1233 692 1320 reprehensiones
714 1233 947 1320 peitimescere,
970 1233 1028 1316 qui
1048 1233 1277 1298 malevolentia

234 1355 268 1414 et
288 1349 522 1412 obtrectatione
543 1349 722 1412 rectissima
744 1367 892 1430 quaequae
914 1347 1019 1410 solent
1041 1347 1224 1432 depravare.

173 1481 174 1484 ’
217 1549 220 1556 ¹
276 1461 313 1526 Si
335 1465 393 1524 tua
416 1461 563 1546 dignitas,
587 1465 621 1526 et
641 1459 827 1538 dominatio,
846 1459 1037 1545 praeeidium
1054 1459 1137 1523 mihi
1156 1459 1280 1524 denun-

233 1575 371 1650 ciaverit,
403 1575 482 1660 qnid
519 1573 665 1638 homines
702 1573 854 1666 imperiti,
890 1573 1141 1658 intelligentiam
1165 1575 1202 1638 in
1230 1573 1280 1636 in-

232 1689 323 1778 scitia
357 1707 394 1748 ac
433 1685 645 1770 optimarum·
664 1709 772 1750 rernm
809 1685 1013 1772 ignoratione
1041 1692 1206 1772 ponentem
1239 1687 1280 1750 de

232 1805 342 1868 nostro
371 1819 466 1884 opere
496 1803 531 1862 et
560 1799 691 1862 coneilio
717 1799 947 1886 judicaverint,
970 1821 1038 1862 non
1061 1799 1204 1864 multum
1233 1799 1281 1862 le·

155 2003 156 2006 η
232 1915 357 1980 borabo.
416 1911 496 1990 Quae
537 1913 688 1976 inchoata
725 1933 762 1976 ac
801 1913 905 1988 rudia,
935 1933 1003 1976 non
1039 1913 1190 1998 perfecta,
1221 1935 1280 1976 nec

141 2091 142 2094 ,
231 2027 394 2094 elaborata
424 2027 510 2102 satie,
538 2025 619 2090 inihi
649 2027 847 2102 excidenmt,
874 2031 943 2090 tuae
971 2027 1187 2090 humanitatis
1216 2027 1280 2090 erit

117 2137 118 2140 '
234 2141 411 2216 defendere,
436 2145 470 2204 ct
495 2159 567 2222 quae
594 2161 660 2204 non
686 2139 810 2226 optima
836 2145 941 2216 erunt,
955 2161 1066 2204 rerum
1085 2140 1280 2204 ‘obscuritati

131 2281 133 2286 ·
189 2237 190 2240 Ἴ
231 2255 460 2340 potiusquam
483 2253 649 2318 voluntati
672 2275 753 2318 meae
777 2255 964 2318 attiibuere.
1011 2255 1192 2318 Recondita
1220 2275 1280 2318 neo
1347 2307 1352 2323 .

232 2367 390 2450 explicata
427 2365 505 2430 antis
546 2367 723 2432 multarum
760 2389 869 2432 rerum
909 2346 1030 2432 natura
1057 2389 1111 2432 me
1144 2389 1229 2452 saepe
1258 2389 1280 2430 a

174 2469 178 2476 ’
231 2479 366 2542 lectione
395 2479 528 2564 rejecit3
558 2483 593 2546 et
618 2481 809 2546 addubitare
835 2481 914 2546 fecit
941 2481 1171 2568 praestantium
1193 2483 1279 2546 viro·

204 2655 205 2658 ,
231 2615 304 2656 mm
330 2593 493 2672 dissensin
509 2593 545 2656 in
571 2615 708 2678 qnorum
735 2595 855 2678 eciipta
878 2595 1055 2671 inciderim,
1072 2595 1153 2678 quid
1167 2595 1278 2664 ,litans

231 2705 370 2770 maxime
396 2705 600 2772 illustrarem.
667 2705 745 2770 Non
780 2707 991 2782 committam,
1030 2705 1277 2770 honoratimime

231 2841 342 2894 comes,
373 2819 401 2882 ei
431 2819 496 2884 ista
518 2819 582 2884 tibi
607 2841 674 2882 non
703 2819 881 2904 injucunda
903 2819 1034 2896 inerint,
1062 2819 1119 2882 sed
1146 2825 1278 2904 aspectu

231 2937 264 2996 et
294 2933 392 2996 oculis
421 2935 489 2998 tuis
513 2933 614 3020 digna
642 2933 850 3010 videbuntur,
876 2937 917 2996 ut
945 2933 1015 2997 ulla
1042 2937 1193 2998 vetustae
1221 2935 1278 2998 ob·

229 3045 350 3110 livione
378 3047 548 3132 praeclarae
578 3051 653 3110 tuae
681 3047 827 3112 *virtutes
857 3047 1014 3110 obscuret.
1074 3047 1164 3110 Dens
1194 3047 1278 3130 opti-

231 3179 302 3224 mue
327 3161 489 3224 maximus
516 3161 770 3226 dominationem
793 3165 887 3224 tuam
911 3159 970 3224 diu
991 3160 1178 3246 reipublicae
1203 3181 1277 3226 con·

232 3279 337 3338 servet
361 3275 563 3340 incolumem.

293 3449 294 3452 η
422 3401 564 3464 Honoris
584 3405 618 3466 et
640 3401 810 3488 dignitatis
833 3405 902 3464 tuae
923 3399 1184 3476 studiosissimae,

820 3527 1002 3590 Ronmms
1026 3527 1229 3590 anmmn
