3400 5709
333 931 335 938 .
450 869 490 934 56
784 877 965 932 murensi
987 879 1149 932 nrsroarr

284 1065 434 1116 1111111.
449 1059 534 1144 apud
552 1057 792 1124 multitudinem
810 1062 1022 1136 versarentur,
1035 1061 1152 1143 petunt
1170 1067 1209 1122 ut
1227 1058 1364 1124 induciae
1384 1079 1485 1142 usque

450 1163 491 1226 ad
509 1161 583 1226 solis
602 1165 707 1226 ortum
725 1166 899 1227 manerent.
940 1161 1076 1226 Nobiles
1095 1183 1133 1226 ae
1148 1159 1357 1246 magistratus
1376 1162 1484 1225 multi-

283 1271 411 1324 Delibera-
449 1265 528 1328 tudo
543 1285 718 1350 pauperum
732 1283 810 1328 voce
825 1263 1016 1328 vulneravit.
1050 1260 1094 1326 In
1104 1283 1163 1330 eos
1179 1263 1336 1348 impetum
1350 1261 1484 1338 fecisset,
1586 1278 1588 1281 ·

283 1341 419 1458 fflffiffi
450 1365 477 1428 si
493 1365 531 1428 de
553 1385 629 1450 pace
652 1387 724 1430 eum
741 1363 881 1428 Henrico
900 1365 1118 1450 componenda
1136 1365 1171 1427 in
1186 1385 1275 1450 spem
1289 1361 1486 1450 plebeculam

283 1475 341 1540 city.
449 1467 538 1531 illam
569 1465 775 1552 magistratus
810 1487 876 1530 non
909 1465 1126 1530 adduxissent.
1185 1465 1387 1531 Plebeiorum
1415 1487 1488 1530 con-

449 1571 565 1632 ventus
584 1567 819 1646 instituuntur3
842 1589 863 1628 a
877 1565 993 1651 quibus
1015 1571 1164 1652 quaerrmt
1185 1567 1394 1652 magistratus
1407 1589 1488 1630 num

451 1667 630 1754 Anglorurn
653 1667 790 1754 principi
808 1667 896 1732 tradi
915 1667 1082 1732 civitatem
1100 1669 1247 1754 placeret.
1277 1667 1490 1734 Multitudini

452 1771 624 1856 optabilius
641 1769 813 1836 videbatur
831 1770 951 1834 servire
966 1793 1064 1856 quam
1077 1769 1163 1834 farne
1183 1771 1302 1836 confisi

495 1873 620 1938 Iterum
633 1873 778 1938 inducias
793 1877 930 1958 quatuor
944 1872 1070 1936 dierum
1083 1873 1317 1958 impetrarunt3
1339 1895 1382 1938 ex
1396 1878 1490 1960 pacto

321 2001 327 2010 ·
451 1975 658 2060 imperatores
679 1975 756 2040 belli
779 1975 848 2062 regi
874 1997 909 2040 se
934 1975 1160 2054 submiserunt,
1185 1997 1275 2040 arma
1296 1975 1488 2060 abjceenrnt.
1569 2008 1572 2011 *

451 2077 588 2142 Civitati
632 2077 792 2142 Henricus
831 2075 992 2142 tributum
1032 2077 1208 2164 imposuit3
1238 2099 1280 2142 ex
1310 2077 1490 2162 Rotomago

447 2179 646 2264 triumphare
683 2179 795 2256 voluit,
830 2179 1005 2264 gloriosum
1043 2181 1140 2244 duxit
1178 2179 1268 2244 illam
1305 2179 1418 2244 urbem
1454 2179 1491 2242 in

280 2303 419 2354 Srnrendcr
447 2279 611 2366 triumpho
638 2279 765 2366 portari.
812 2279 988 2364 Postquam
1014 2281 1190 2366 municipes
1216 2281 1358 2346 civitatis
1384 2281 1489 2345 claves

280 2373 411 2422 ofssouen.
447 2389 612 2468 portarurn
643 2381 673 2446 ei
701 2381 917 2458 tradidissent,
948 2383 1064 2460 Deum,
1089 2405 1184 2467 quem
1209 2387 1315 2446 'tantae
1344 2383 1489 2448 vintoniae

284 2477 347 2530 Ab.
363 2483 432 2528 1419.
447 2485 626 2550 effectorem
649 2485 790 2570 agnovit,
807 2483 937 2570 hymnis
951 2491 986 2550 et
1008 2485 1097 2550 ornni
1117 2485 1222 2548 laudis
1243 2507 1359 2570 genere
1377 2485 1489 2550 statim

447 2593 496 2654 est
524 2591 716 2674 prosecutus.
763 2587 854 2652 Bello
884 2609 995 2652 eversa
1025 2585 1217 2652 exaedificari
1246 2585 1392 2666 curavit3
1418 2609 1490 2672 pos-

447 2691 599 2756 sessiones
636 2691 813 2754 multorum
850 2711 1008 2754 annorum
1045 2711 1175 2754 movere
1210 2687 1325 2768 noluit,
1356 2689 1384 2751 si
1421 2687 1489 2774 ejus

445 2791 579 2876 irnperio
612 2791 743 2876 obsequi
773 2813 809 2856 ee
839 2790 1060 2876 obtemperare
1090 2813 1157 2854 non
1186 2791 1403 2854 detractarent
1432 2790 1490 2874 qui

279 2915 408 2966 successes
445 2891 679 2958 hereditatibus
717 2915 770 2956 eas
807 2897 962 2958 tenerent.
1014 2891 1262 2959 sarisburiensis
1297 2892 1418 2956 multas
1455 2891 1490 2954 in

278 2981 431 3098 ἓξὲξ-1115
445 2995 646 3060 Normendia
667 2999 700 3060 et
721 2993 827 3058 Gallia
848 2995 997 3060 civitates
1017 2995 1053 3060 vi
1076 2995 1237 3080 armisque
1263 2995 1355 3080 oepit.
1409 2993 1490 3056 Var-

277 3113 343 3178 bury
354 3115 403 3164 ane
444 3097 580 3164 ricensis
601 3119 706 3162 ‘comes
730 3097 824 3162 urbes
855 3097 1057 3182 oppugnavit
1078 3097 1193 3175 varias,
1217 3101 1251 3162 et
1282 3096 1351 3160 dux
1373 3095 1491 3160 Exces-

277 3179 413 3232 warwiok.
444 3199 515 3264 triae
539 3199 700 3286 egregiam
723 3199 861 3286 principi
882 3221 940 3264 suo
963 3221 1093 3284 operam
1118 3199 1280 3286 praestitit.

491 3301 575 3392 Galli
613 3301 781 3366 adversam
818 3301 983 3368 fortunam
1020 3303 1170 3386 conqueri
1211 3307 1385 3388 coeperunt,
1419 3323 1492 3368 curn

276 3441 382 3498 Embacs
446 3397 554 3470 omnia
573 3403 676 3468 ruinis
693 3425 730 3486 ac
752 3403 909 3470 incendiis
924 3407 1031 3470 essent
1045 3425 1163 3470 eversa.
1209 3405 1409 3490 Burgundiae
1425 3407 1493 3470 dux

277 3513 397 3562 fromthe
447 3505 637 3572 auctoritate
669 3507 811 3572 multum
840 3507 904 3570 illis
933 3505 1134 3592 temporibus
1158 3508 1246 3592 apud
1281 3529 1391 3592 regem
1417 3507 1494 3572 Gal-
1556 3505 1559 3508 ’
1608 3542 1610 3551 ·

276 3595 424 3710 Rusgussg,
445 3611 550 3674 lorum
572 3609 684 3686 valuit,
712 3631 770 3674 neo
799 3609 965 3694 ignoravit
987 3609 1057 3692 ejus
1086 3611 1269 3674 temeritate
1293 3607 1434 3674 Galliam
1458 3611 1495 3674 in

278 3713 324 3762 8⁶⁰·
447 3711 643 3776 calamitates
668 3711 853 3776 devenisse:
877 3710 1021 3775 decrevit
1035 3709 1152 3774 idcirco
1174 3731 1271 3794 quam
1293 3711 1439 3774 celeriter
1453 3713 1496 3776 ad
1608 3788 1610 3811 Ι

447 3813 626 3878 Henricurn
663 3813 795 3902 legatos
824 3812 963 3889 mittere,
995 3811 1063 3896 qui,
1092 3833 1170 3896 paee
1203 3809 1388 3888 constituta,
1419 3833 1494 3876 eum

446 3937 519 3980 crnn
550 3915 669 3982 ⁴Oarolo
694 3915 809 3980 Galliae
844 3919 923 3979 tunc
951 3911 1150 3998 imperante,
1166 3913 1203 3976 in
1230 3905 1371 3998 gratiam
1400 3915 1495 3978 redu-

443 4023 557 4082 cerent.
1265 4012 1270 4022 ’

274 4131 433 4186 Thebanos
488 4117 692 4184 Varuioensis
723 4139 826 4182 comes
858 4139 879 4180 a
907 4115 1052 4202 principe
1082 4115 1222 4202 eligitur,
1249 4116 1306 4202 qui
1335 4117 1494 4184 derebus

245 4261 246 4266 κ
273 4201 405 4320 Kaeffi
441 4219 576 4306 singulis
603 4241 676 4282 curn
702 4219 783 4282 duce
806 4217 1009 4304 Burgundios
1033 4217 1232 4284 deliberaret.
1279 4221 1314 4286 Is
1337 4223 1375 4286 in
1397 4221 1495 4286 comi·

272 4353 304 4386 an
313 4335 428 4400 embassy
440 4325 515 4388 tatu
555 4321 673 4386 habuit
710 4321 886 4384 ducentum
921 4321 1056 4406 equites,
1087 4321 1224 4388 honesta
1252 4323 1385 4400 familia,
1417 4343 1497 4409 quo*

270 4401 428 4520 ffitffluke
441 4447 514 4490 1111
529 4423 667 4508 majores
686 4423 721 4488 in
736 4423 882 4488 maxima
896 4423 992 4488 laude
1007 4423 1153 4490 firissent.
1195 4427 1238 4490 11
1257 4427 1364 4491 medio
1380 4422 1496 4492 itinere
1564 4421 1573 4511 J

270 4537 365 4600 gunoy.
441 4527 591 4608 comitem
615 4527 808 4592 adoriuntur
828 4525 944 4612 perfidi
971 4549 1009 4592 ac
1032 4529 1167 4592 rebelles
1188 4513 1283 4604 Galli,
1302 4529 1360 4612 qui
1382 4549 1497 4614 propo-

269 4647 400 4712 Dupljcity
441 4633 577 4694 suerunt
600 4629 739 4694 fortunis
773 4649 847 4694 eum
874 4629 1019 4716 spoliare.
1067 4630 1230 4694 Henricns
1252 4631 1348 4694 valde
1382 4631 1497 4694 mitem

234 4749 236 4754 ·
269 4715 423 4768 oftheDuke
439 4737 473 4812 st
496 4733 700 4796 moderatum
732 4753 765 4798 se
784 4733 937 4820 ¹praebuit
966 4733 1117 4800 hostibus
1147 4733 1220 4812 suit
1253 4757 1328 4798 cum
1349 4733 1498 4820 eupiffiffi
