3400 5709
675 875 722 928 un
743 877 899 930 nuuffleo
920 867 980 934 vlt
1182 915 1185 918 -
1307 860 1350 936 75

304 1047 429 1128 nacula,
458 1048 623 1116 virtutum
655 1047 753 1114 etiam
785 1051 931 1114 omnium
955 1047 1113 1136 pereipiat
1138 1049 1348 1134 incrementa,

307 1151 424 1236 quibus
478 1149 646 1216 decentes
682 1154 825 1230 ornatus,
872 1155 908 1215 et
954 1149 1115 1216 vitiorum
1160 1147 1350 1236 voraginem

306 1251 461 1316 devitare*
479 1255 512 1316 et
539 1251 648 1316 hostes
673 1271 833 1338 superare,
862 1255 897 1316 et
922 1250 966 1314 ad
987 1251 1033 1315 Te
1058 1251 1116 1338 qui
1137 1249 1200 1328 via,
1216 1251 1348 1330 veritas,

231 1373 233 1378 ’
306 1359 339 1418 et
365 1353 437 1418 vita
463 1373 503 1432 es,
531 1351 695 1440 gratiosus
721 1353 833 1418 valeat
858 1353 1036 1440 pervenire.
1080 1353 1144 1418 Per
1170 1353 1350 1418 Dominum

110 1432 111 1435 Ἴ
164 1491 191 1522 a
305 1459 452 1520 nostrum
476 1455 592 1520 lesum
616 1453 793 1534 Christum,
814 1455 938 1518 Filium
959 1459 1065 1535 tuum,
1087 1454 1152 1540 qui
1174 1453 1261 1542 [eta]

289 1569 291 1576 ’
351 1555 503 1622 ORATIO:
538 1557 634 1644 Rege,
652 1579 845 1644 quaesumus,
863 1557 1014 1638 Domine,
1029 1557 1167 1622 famulos
1191 1561 1225 1620 et
1247 1557 1352 1620 famu·

304 1657 353 1724 lae
393 1661 476 1736 tuas,
518 1661 560 1740 et,
592 1659 871 1724 intercedentibus
916 1659 1066 1725 omnibus
1103 1657 1233 1724 Sanctis
1273 1659 1349 1736 tuis,

304 1757 420 1846 gratiae
451 1765 517 1824 tuae
546 1761 583 1824 in
614 1761 660 1824 eis
697 1761 783 1824 dona
820 1759 1011 1848 multiplica,
1041 1767 1089 1842 ut,
1119 1761 1161 1824 ab
1199 1761 1350 1824 omnibus

182 1935 183 1938 ,
303 1861 398 1926 liberi
416 1859 554 1940 offensio,
575 1865 608 1928 et
628 1863 862 1946 temporalibus
882 1883 950 1928 non
971 1863 1196 1926 destituantur
1216 1859 1350 1926 auxiliis

304 1967 338 2030 et
361 1963 564 2048 sempiternis
586 1963 751 2048 gaudeant
773 1963 947 2028 institutis.
970 1963 1034 2028 Per
1051 1963 1239 2027 Dominum.
1261 1961 1348 2048 [eta]

349 2063 480 2130 ORATIO
496 2089 502 2128 :
529 2063 617 2128 Deus
639 2083 814 2150 regnorum
838 2064 993 2143 omnium,
1011 2063 1146 2150 Regum
1163 2083 1225 2148 que
1243 2061 1348 2125 domi-

303 2187 428 2244 norum,
460 2165 515 2250 qui
546 2187 605 2230 noe
636 2169 669 2230 et
698 2163 911 2250 percutiendo
948 2187 1043 2232 sanas
1082 2169 1116 2230 et
1152 2163 1347 2250 ignoscendo

229 2353 230 2356 Ἴ
304 2287 482 2342 conservas,
518 2267 683 2352 praetende
720 2267 816 2334 nobis
862 2265 1113 2334 misericordiam
1159 2270 1260 2344 tua-m,
1298 2269 1347 2340 ut,

305 2367 542 2452 tranquillitate
566 2367 653 2454 paois
670 2373 729 2432 tua
748 2371 918 2454 potestate
936 2369 1074 2445 firmata,
1089 2390 1129 2432 ea
1151 2387 1278 2452 semper
1305 2365 1349 2430 ad

304 2467 449 2532 remedia
469 2469 677 2534 correctionis
697 2475 837 2536 utamur.
885 2469 950 2535 Per
971 2469 1161 2534 Dominum.
1177 2467 1265 2554 [eta]
