3400 5709
569 815 571 818 ’
663 829 807 880 amaror
830 821 885 878 111.
1041 843 1044 846 ·
1251 819 1289 880 11

255 1001 412 1066 sentiente
438 1021 602 1086 procerum
632 1019 668 1062 ac
694 997 852 1064 nobilium
878 1019 956 1064 voce
987 1019 1047 1062 rex
1079 1003 1163 1062 esset
1188 999 1292 1084 desig·
1303 1007 1370 1058 11).
1383 1013 1454 1060 1413.

253 1109 355 1178 natus,
382 1121 509 1166 morum
539 1099 829 1190 commutationem,
846 1099 929 1164 fecit.
975 1099 1115 1184 Regium
1136 1121 1204 1162 esse
1225 1121 1292 1163 non

254 1205 355 1280 duxit,
379 1203 496 1288 quibus
522 1203 645 1268 artibus
669 1223 702 1266 se
727 1201 832 1286 prima
855 1205 953 1266 aetate
975 1201 1145 1278 imbuerat,
1170 1201 1290 1266 eisdem

253 1305 403 1368 oblectari
426 1325 498 1366 cum
520 1303 556 1366 in
577 1303 701 1388 Angios
722 1303 895 1388 imperium
916 1303 1115 1366 obtinuisset.

296 1403 399 1468 Fecit
414 1403 531 1468 idcirco
564 1403 730 1480 Henricus,
756 1403 843 1490 quod
865 1403 1093 1468 Themistocles
1122 1427 1143 1466 a
1170 1403 1290 1468 Graecis
1302 1409 1357 1460 The
1367 1409 1451 1490 king's

167 1493 168 1496 Ἴ
249 1505 455 1590 scriptoribus
485 1505 633 1570 Athenis
657 1505 820 1570 factitasse
851 1505 976 1582 dicitur,
1008 1511 1180 1592 postquam
1207 1477 1456 1594 111-Ξζῑζξξξῗέζξ

249 1607 409 1694 publicam
438 1607 574 1672 adiisset.
623 1607 748 1672 Noluit
778 1629 811 1672 11
841 1607 1067 1694 voluptatibus
1099 1608 1290 1674 obstrictum
1303 1613 1451 1662 amneasor.

247 1709 356 1784 teneri,
394 1709 510 1792 quibus
547 1709 575 1772 si
611 1731 645 1772 se
681 1709 876 1784 tradidisset,
915 1709 1145 1796 rempublicam
1176 1710 1291 1796 opibus

247 1811 415 1874 florentem
438 1831 504 1872 111
523 1809 710 1892 reliquisset.
762 1809 867 1894 Turpe
894 1815 928 1874 et
948 1811 1148 1896 flagitiosum
1168 1810 1218 1874 1111
1240 1811 1291 1874 vi-

248 1911 391 1988 debatur,
424 1933 462 1976 ao
495 1933 515 1974 a
546 1911 706 1996 dignitate
737 1913 826 1996 regia
858 1911 953 1974 ualde
982 1911 1132 1988 alienum,
1159 1913 1290 1976 firmata

242 2015 311 2096 jam
341 2001 446 2088 aetate,
479 2033 551 2076 curn
575 2009 701 2076 ‘civium
727 2011 956 2096 gubernationi
984 2016 1019 2074 et
1043 2011 1179 2096 imperio
1208 2033 1290 2096 prae-

246 2115 400 2190 ficeretur,
427 2113 471 2178 ad
499 2113 611 2180 inanes
640 2113 864 2200 adolescentiae
891 2111 1086 2198 cupiditates
1116 2117 1152 2176 et
1180 2113 1290 2176 studia

246 2213 466 2278 delectationis
492 2215 616 2300 aliquid
638 2213 792 2300 temporis
820 2213 971 2278 tribuere.
1017 2213 1193 2278 Dissuebat
1215 2237 1288 2280 cum

243 2315 307 2378 iilis
321 2315 506 2394 amicitiam,
524 2317 714 2402 quibuscum
729 2315 913 2382 adolescens
927 2315 1130 2380 familiariter
1143 2317 1286 2392 vixerat3

129 2503 131 2506 Ι
243 2417 334 2482 facile
360 2419 396 2482 id
421 2419 643 2504 prospiciebat,
675 2419 780 2482 multa
807 2419 1003 2482 detrimenta
1026 2419 1196 2482 hominum
1221 2441 1289 2484 non

242 2519 415 2604 proborum
435 2521 567 2582 consilio
591 2525 624 2582 11
646 2519 900 2584 adolescentium
921 2519 1106 2584 temeritate
1129 2521 1286 2586 accidisse.

243 2621 376 2706 Repulit
405 2621 448 2684 ab
479 2621 567 2684 omni
597 2621 697 2696 aditu,
736 2621 966 2706 congressione,
1003 2626 1037 2684 et
1065 2621 1288 2686 familiaritate

241 2745 298 2786 sua
318 2723 355 2786 id
377 2743 478 2808 genus
500 2721 675 2798 homiuum,
699 2743 838 2806 quorum
856 2723 1055 2786 consuetudo
1074 2722 1243 2786 infamiam
1258 2723 1289 2786 ei

241 2825 416 2888 conflasset.
474 2823 649 2888 Pertimuit
675 2843 715 2886 11
742 2823 947 2908 optimorum
962 2823 1088 2886 animos
1113 2843 1289 2906 sensusque

240 2925 433 3002 vulneraret,
465 2925 492 2988 si
522 2925 586 2988 11111
617 2917 649 2988 11
688 2923 872 3000 oblectaret,
905 2947 1043 3010 quorum
1077 2945 1175 3008 opera
1206 2931 1289 2990 esset

241 3027 390 3092 effectum
413 3031 452 3090 ut
476 3027 582 3090 multa
605 3047 689 3110 saepe
713 3027 932 3090 committeret
951 3047 1025 3112 quae
1051 3027 1095 3090 ad
1119 3026 1289 3090 infamiam

238 3129 377 3194 nominis
403 3129 571 3192 haererent.
627 3127 752 3192 Senatu
786 3129 987 3204 movebatur,
1016 3149 1075 3192 nec
1099 3129 1137 3190 in
1166 3127 1288 3191 curiam
1299 3143 1436 3196 Hisinsult

155 3303 156 3306 Ἴ
237 3231 345 3294 aditus
368 3229 397 3294 ei
423 3229 559 3314 patebat
571 3255 579 3308 ;
603 3233 635 3292 et
659 3228 747 3292 iilius
769 3227 858 3290 fama
879 3229 977 3294 h'aesit
998 3229 1043 3294 ad
1063 3235 1175 3305 metas,
1200 3213 1463 3338 quodggsssffifffl

237 3353 397 3394 summum
423 3329 575 3414 judicem,
603 3329 718 3396 litibus
741 3329 931 3394 dirimendis
961 3336 996 3394 et
1023 3353 1193 3396 causarum
1215 3353 1287 3416 cog·
1297 3354 1448 3410 consequent

235 3431 414 3496 nitionibus
436 3433 655 3518 praepositum,
686 3453 787 3494 manu
809 3437 1001 3516 percuteret,
1028 3455 1103 3496 cum
1128 3433 1157 3494 is
1183 3411 1440 3528 unumssffffipo·

235 3533 271 3596 in
300 3533 481 3598 custodiam
510 3531 699 3596 tradidisset
727 3555 769 3596 ex
798 3533 890 3616 eujus
915 3533 1141 3597 familiaritate
1170 3533 1286 3618 volup-

234 3639 336 3698 tatem
360 3633 531 3698 mirifioam
554 3633 717 3698 Henricus
739 3635 925 3718 perciperet.
971 3633 1055 3696 Eam
1080 3635 1284 3718 dignitatem,

234 3757 329 3820 quam
351 3737 379 3800 is
402 3735 520 3812 amisit,
548 3733 688 3800 Thomas
710 3735 798 3800 illius
820 3735 929 3812 frater,
957 3735 1026 3798 dux
1041 3733 1211 3811 Clarensis,
1236 3741 1286 3800 est

234 3841 428 3902 consecutus.

275 3939 511 4004 Adolescentia
546 3937 742 4024 cupiditates
770 3937 1010 4014 deferbuerunt,
1042 3943 1217 4022 postquam
1246 3939 1284 4002 in

230 4061 327 4126 regno
351 4045 436 4104 esset
460 4041 677 4120 constitutus3
709 4061 942 4124 necunquam
974 4039 1097 4104 deliciae
1118 4038 1197 4104 ullae
1224 4045 1283 4104 aut

229 4141 413 4228 voluptates
456 4163 531 4204 eum
570 4145 763 4228 occupatum
800 4141 1063 4226 impeditumque
1095 4145 1282 4208 tenuerunt.

100 4277 102 4280 -
228 4241 420 4310 Elaboravit
449 4243 538 4306 omni
567 4245 775 4310 contentione
804 4245 907 4308 animi
937 4249 973 4309 et
1000 4244 1112 4310 studio
1139 4245 1283 4328 quodam

227 4343 417 4422 incredibili,
450 4367 493 4406 ne
523 4345 696 4408 minimum
735 4345 869 4430 aliquod
900 4351 1046 4410 erratum
1079 4367 1154 4410 cum
1183 4345 1282 4412 laude

227 4445 315 4530 regia
338 4445 596 4532 conjungeretur,
629 4453 688 4512 aut
714 4447 757 4510 ad
787 4445 1003 4532 suspicionem
1033 4447 1160 4511 sceleris
1189 4449 1282 4532 prius
1407 4521 1410 4526 ,
1529 4468 1533 4473 ·

226 4547 389 4610 commissi
409 4547 583 4634 quiequam
605 4547 768 4614 resideret.
825 4547 911 4612 Oum
933 4571 973 4612 ea
999 4553 1129 4614 naturae
1151 4547 1280 4613 blandi-

225 4653 344 4724 menta,
375 4669 448 4734 quae
483 4649 610 4714 ratione
646 4655 745 4716 antea
775 4671 843 4714 non
871 4655 1091 4736 perspexerat,
1124 4650 1278 4714 satietate
