3400 5709
423 867 467 934 w50
763 881 945 938 smmum
966 880 1129 935 msroam

256 1055 587 1130 A·D·141c“summa
609 1055 695 1124 illius
717 1055 870 1146 principis
892 1055 1037 1138 felicitas,
1060 1055 1117 1142 qui
1145 1061 1343 1148 praestantes.
1360 1055 1464 1144 digni·

258 1143 384 1258 Telffim‘
424 1163 494 1226 tate
514 1157 600 1224 viros
619 1157 752 1244 imperio
773 1165 915 1242 coercet3
937 1181 997 1226 nec
1015 1161 1122 1224 minor
1138 1159 1342 1226 subditorum
1362 1161 1464 1224 beati-¹

258 1225 361 1338 impli-
424 1261 513 1338 tudo,
535 1259 650 1346 quibus
670 1261 824 1346 obtigerit
843 1265 880 1328 in
901 1261 1145 1348 magnanimum
1167 1262 1353 1349 principem,
1376 1261 1465 1329 omni

256 1349 331 1394 mer
426 1365 520 1430 uua
544 1361 774 1448 dignissimum,
798 1361 965 1430 mersere?

259 1461 368 1514 Discors
377 1463 404 1514 in
471 1463 553 1532 Omn
586 1463 650 1526 ista
680 1469 873 1550 gererentur,
907 1467 1080 1532 seditiones
1114 1469 1151 1530 et
1182 1465 1351 1532 discordiae
1378 1463 1466 1531 inter

259 1531 361 1584 uranos.
424 1565 516 1652 regni
564 1563 679 1630 Gallici
730 1567 855 1630 nobiles
898 1572 979 1632 ortae
1024 1572 1109 1646 sunt,
1158 1589 1230 1653 quae
1280 1568 1465 1634 universam

424 1665 653 1754 rempublicam
682 1667 924 1734 labefactarunt.
980 1667 1130 1734 Privatus
1162 1669 1348 1734 inimicitias
1380 1669 1465 1734 ferro

425 1775 459 1834 et
481 1769 611 1832 flamma
637 1769 784 1854 persequi
806 1770 910 1856 magis
932 1775 1085 1836 curarunt
1114 1792 1212 1856 quam
1234 1771 1465 1856 rempublicam

425 1871 510 1936 tueri
537 1893 574 1936 ac
604 1871 778 1936 defendere.
833 1871 954 1938 Foedus
983 1871 1134 1938 amicitiae
1160 1878 1194 1936 et
1222 1873 1465 1938 necessitudinis

259 1973 332 2036 King
426 1973 600 2060 imperator
622 1961 694 2038 curu
716 1973 858 2060 principe
878 1974 1059 2060 Anglorum
1080 1973 1164 2039 iniit.
1209 1973 1377 2051 Henricus,
1400 1995 1467 2038 non

258 2039 416 2156 {illiciover
427 2077 530 2140 multo
547 2079 628 2162 post,
644 2075 773 2140 infinita
796 2077 939 2142 militum
955 2099 1056 2140 manu
1072 2081 1170 2162 atque
1189 2077 1303 2162 grandi
1322 2075 1466 2162 pecunia,

259 2173 392 2250 tolsranee
426 2201 515 2242 mare
538 2177 575 2242 in
601 2177 739 2240 Galliam
768 2177 916 2264 trajecit3
952 2179 1095 2242 militum
1124 2199 1276 2241 numerus
1305 2177 1467 2242 sexdecim

258 2255 360 2380 ffi'st
424 2281 512 2344 mille
543 2285 576 2344 et
605 2283 735 2344 centum
766 2285 905 2366 quatuor
934 2279 1017 2360 fuit3
1048 2279 1173 2344 nobiles
1194 2279 1352 2358 honorati,
1383 2279 1469 2366 regis

263 2385 326 2436 sl).
341 2385 410 2436 1417.
424 2387 541 2446 nutum
581 2381 794 2460 observanter,
838 2382 907 2446 dux
946 2381 1108 2446 Clarensis
1149 2386 1183 2446 11
1230 2381 1468 2462 Gloeestrensis,

425 2483 686 2570 Huntingtoniae
727 2481 850 2562 Sarum,
891 2489 925 2548 et
955 2483 1116 2549 Suffoleiae
1153 2483 1294 2562 comites,
1333 2484 1469 2548 barones

424 2585 528 2666 multi,
565 2591 599 2650 et
633 2585 717 2660 varii
759 2587 883 2672 equites
922 2585 1100 2652 exereitum
1138 2585 1223 2670 regis
1261 2585 1468 2648 honorarunt.

424 2687 628 2752 Varvicensis
650 2687 778 2750 comitis
799 2688 929 2774 egregia
946 2689 1053 2750 virtus
1075 2687 1112 2750 in
1130 2687 1236 2752 Gallia
1258 2686 1330 2762 fuit,
1354 2709 1414 2752 nec
1434 2687 1471 2750 in

424 2789 488 2852 ullo
519 2809 635 2874 genere
669 2811 755 2852 verae
783 2789 988 2854 ,fortitudinis
1020 2789 1274 2872 Huntingtoniae
1304 2782 1410 2852 eomes
1441 2789 1472 2852 ei

425 2891 564 2954 cedebat.
620 2889 655 2954 le
685 2891 806 2974 piratas
836 2897 942 2954 morte
970 2891 1087 2966 affecit,
1114 2893 1147 2954 et
1171 2894 1245 2954 tuta
1267 2889 1338 2954 sine
1363 2890 1473 2954 discri-

424 2993 512 3056 mine
546 3013 583 3056 ac
617 2995 731 3076 pacata
766 2993 879 3068 maria,
910 2996 1086 3076 antequam
1114 2991 1470 3079 princepsnavigaret,

424 3095 596 3180 vigilantia
619 3097 652 3158 et
675 3115 771 3178 opera
793 3117 853 3158 sua
874 3095 1024 3160 reddidit.
1411 3105 1415 3110 '

257 3213 331 3278 siege
342 3213 371 3262 of
469 3195 557 3260 Cane
590 3217 610 3258 a
639 3197 758 3260 nostris
792 3197 930 3262 ducibus
964 3197 1098 3282 eapitur,
1134 3197 1191 3260 sed
1223 3197 1390 3260 obsidione
1417 3197 1473 3260 diu

256 3281 332 3332 caen.
423 3291 513 3384 prius
559 3297 650 3362 saeba.
712 3297 807 3366 Dux,
838 3299 1000 3362 (1111111111
1045 3303 1179 3384 pontem
1221 3298 1386 3384 perfregit,
1439 3303 1474 3362 et

424 3421 478 3472 eos
517 3399 573 3484 qui
611 3399 647 3462 in
687 3421 724 3464 eo
763 3405 872 3466 essent
911 3401 1010 3486 positi
1048 3401 1092 3464 ad
1129 3399 1239 3476 hostes
1274 3399 1473 3484 repellendos
1573 3432 1576 3436 ⁴

424 3501 620 3578 deturbavit,
641 3523 678 3566 ac
699 3501 741 3566 ad
764 3489 963 3566 deditionem
980 3501 1149 3586 compulit
1195 3501 1322 3566 Emotis
1343 3501 1474 3567 veniam

377 3609 379 3614 “
424 3605 480 3686 qui
503 3603 591 3666 intus
621 3601 656 3666 in
688 3603 805 3688 oppido
835 3609 930 3668 erant
955 3604 1119 3668 consecuti
1141 3608 1225 3680 sunt,
1249 3625 1323 3668 eum
1345 3623 1380 3668 se
1402 3625 1475 3668 sua-

422 3725 485 3788 que
506 3703 614 3770 omnia
634 3701 775 3770 Henrico
796 3705 1017 3771 tradidissent.
1055 3705 1108 3770 ‚ln
1129 3705 1194 3770 fide
1211 3708 1310 3790 atque
1330 3705 1475 3770 amicitia

421 3807 604 3892 Anglorum
636 3807 897 3894 omnitempore
923 3831 957 3872 se
981 3829 1208 3894 permansuros
1234 3807 1473 3872 confirmarunt.

423 3905 510 3974 Cum
541 3929 650 3974 omnes
681 3909 716 3974 in
747 3915 864 3974 senatu
893 3915 1009 3986 essent,
1040 3911 1156 3974 mortis
1177 3929 1276 3994 poena
1297 3909 1334 3972 in
1354 3909 1476 3972 multos

421 4007 486 4074 fuit
513 4009 699 4074 constituta
705 4035 713 4090 ;
739 4011 805 4088 alii,
833 4031 879 4077 ne¹
907 4011 1032 4076 diutius
1063 4013 1100 4075 in
1130 4009 1289 4076 servitute
1315 4009 1476 4088 viverent,

399 4109 558 4194 'pecunia
603 4133 636 4174 se
681 4111 893 4178 redimerunt
948 4113 1095 4176 Militum
1140 4133 1272 4178 suorum
1316 4111 1476 4176 virtutem

422 4209 586 4274 Henrious
608 4211 762 4290 laudavit,
785 4217 821 4276 et
834 4211 978 4296 praemiis
998 4213 1216 4298 amplissimis,
1235 4235 1295 4298 pro
1315 4213 1482 4298 dignitate

421 4311 681 4398 uniuscujusque,
697 4311 892 4378 fortissimos
907 4313 996 4378 viros
1009 4313 1133 4378 affecit:
1150 4313 1356 4380 inimicorum
1366 4313 1479 4400 spoliis

255 4423 373 4474 11111-
421 4437 464 4478 ex
488 4435 526 4478 eo
546 4413 670 4500 judicio
691 4413 779 4478 aucti
804 4419 903 4498 atque
927 4414 1035 4479 ornati
1057 4415 1270 4480 decessenmt.
1316 4415 1478 4480 Dominus

252 4491 409 4610 ffissfsur,
422 4515 639 4596 Montaneius,
664 4517 787 4582 castelli
814 4517 993 4602 imperator
1014 4521 1049 4582 et
1071 4517 1149 4596 dux,
1170 4517 1283 4580 cedere
1304 4517 1476 4594 recusavit,

252 4625 381 4676 rendered.
420 4639 524 4704 usque
559 4641 596 4682 eo
636 4619 714 4682 dum
749 4617 912 4688 Hemicus
950 4619 1164 4684 severissimis
1201 4619 1311 4684 verbis
1349 4623 1479 4682 senten·

421 4721 503 4792 tiam
538 4721 652 4790 mortis
684 4721 732 4790 illi
764 4741 801 4786 ac
833 4721 903 4814 ejus
937 4721 1099 4802 militibus
1129 4715 1359 4800 denuntiaret3
1388 4721 1479 4784 nulla

1599 4298 1609 4847 l
