3400 5709
399 907 401 912 ,
445 857 487 920 10
778 869 960 920 annulum
982 865 1144 918 maroam

278 1049 346 1102 Aa).
360 1055 430 1102 1411
444 1043 655 1108 desiderarem
692 1041 835 1108 lenitatis
871 1043 906 1106 et
942 1038 1196 1106 mansuetudinis
1233 1061 1330 1126 quam
1364 1041 1481 1106 severi-

441 1145 521 1210 tatis
551 1151 656 1230 partes
686 1167 787 1232 agere,
819 1145 959 1208 multum
995 1145 1152 1220 abhorret,
1190 1144 1353 1208 nobilibus
1388 1145 1481 1232 regni

444 1247 598 1332 supplicia
627 1247 778 1332 infligere,
810 1247 953 1310 criminis
983 1245 1115 1310 admissi
1144 1243 1334 1330 magnitudo
1371 1246 1414 1308 ad
1444 1245 1481 1308 id

443 1347 643 1412 efficiendum
675 1349 833 1432 impellit3
864 1369 902 1412 ac
929 1367 981 1423 ne,
1010 1347 1205 1432 impunitate
1234 1345 1359 1412 sceleris
1387 1345 1481 1410 robis

443 1469 595 1524 concessa,
626 1449 749 1510 nobiles
778 1447 894 1532 reliqui
924 1451 959 1510 et
994 1449 1086 1532 regni
1121 1469 1265 1532 proceres
1297 1446 1481 1512 audaciores

443 1547 628 1622 efficiantur,
659 1547 824 1618 lictoribus
857 1547 1009 1633 praecipio
1038 1569 1096 1610 ves
1124 1549 1200 1612 hine
1228 1549 1393 1624 abducere,
1424 1549 1482 1612 ab·

442 1649 554 1712 ductos
576 1647 673 1730 justis
698 1647 878 1732 debitisque
901 1649 1007 1732 poenis
1029 1647 1159 1712 affectos
1182 1649 1349 1712 mactare''

489 1747 570 1812 Oum
594 1767 700 1814 rerum
724 1749 910 1834 capitalium
932 1755 1106 1833 quaestores
1127 1751 1236 1814 hostes
1258 1751 1381 1834 patriae,
1396 1751 1483 1836 regis

441 1849 595 1928 inimicos,
619 1873 656 1916 ae
678 1851 905 1936 perduellionis
925 1873 998 1916 reos
1017 1851 1235 1928 abduxissent,
1260 1857 1374 1931 maesto
1388 1853 1484 1916 vrdtu
1606 1894 1610 1907 ι

304 2019 306 2024 ,
441 1951 580 2036 reliquos
609 1953 731 2018 nobiles
757 1953 917 2018 Heuricus
947 1952 1166 2036 alloquitur-

277 2057 429 2122 Theninga
489 2063 505 2086 “
516 2053 696 2118 Adversum
722 2053 886 2118 fortuna-m
915 2055 1073 2138 conqueri,
1098 2076 1165 2120 non
1193 2055 1363 2120 lamentari
1385 2056 1484 2120 decet.

276 2125 408 2240 ξῇξῗζξῃ,
442 2153 496 2218 Me
519 2161 669 2240 premunt
691 2153 829 2220 miseriae
854 2160 888 2218 et
912 2177 1021 2218 rerum
1047 2155 1214 2240 angustiae,
1230 2177 1303 2240 quae
1327 2157 1485 2240 respirare

276 2255 428 2332 signingrhe
441 2255 500 2318 vix
526 2257 644 2320 sinunt.
693 2255 793 2318 Nulla
822 2255 889 2318 fida
914 2257 1058 2331 societas,
1085 2277 1143 2320 nec
1171 2255 1267 2318 firma
1296 2261 1330 2320 et
1359 2257 1485 2320 stabilis
1581 2294 1583 2297 ·

273 2337 412 2450 ffffii„
441 2357 590 2432 amicitia,
609 2379 705 2440 quam
729 2357 820 2442 regni
844 2357 1004 2440 cupiditas
1026 2377 1094 2420 non
1113 2357 1216 2420 violet
1237 2363 1272 2420 et
1297 2357 1484 2444 disrumpat.

275 2461 349 2504 mens
441 2457 548 2534 Quam
568 2459 651 2520 male
673 2461 783 2522 metuo
807 2477 849 2522 ne
870 2457 908 2520 in
928 2457 1041 2521 11101111
1062 2457 1271 2522 infidelitates
1293 2459 1368 2538 sint,
1387 2465 1422 2522 et
1443 2459 1487 2522 ad

440 2565 569 2644 tempus
584 2563 670 2644 aptae
690 2559 919 2636 simulationes,
936 2581 1010 2624 cum
1032 2557 1120 2624 viros
1141 2560 1273 2636 nobiles,
1289 2559 1371 2624 mihi
1386 2581 1489 2644 quon-

441 2661 516 2724 dam
546 2661 763 2742 amicissimos,
796 2683 937 2746 praeceps
970 2661 1106 2726 ambitio
1141 2667 1175 2724 et
1203 2661 1297 2748 regni
1326 2663 1487 2748 cupiditas
1593 2681 1597 2685 ’

441 2763 623 2846 corruperit
672 2761 842 2840 Quodnam
865 2761 996 2846 concepi
1020 2765 1150 2826 tantum
1173 2761 1306 2838 facinus,
1332 2767 1373 2826 ut
1401 2784 1489 2826 mor·

441 2867 509 2928 tem
534 2863 765 2948 interitmrrque
795 2861 913 2926 inferre
943 2861 1148 2948 cogitarent?
1177 2863 1266 2942 Quid
1294 2861 1386 2926 aliud
1413 2885 1488 2926 mea

442 2965 574 3030 consilia
597 2987 740 3050 unquam
764 2969 959 3050 spectaramt,
973 2963 1011 3026 in
1036 2987 1100 3048 quo
1125 2963 1298 3042 elaboravi,
1323 2970 1382 3030 aut
1406 2987 1488 3030 meae

443 3089 526 3130 curae
558 3069 591 3130 et
621 3065 831 3152 cogitationes
861 3065 941 3150 quid
975 3065 1065 3128 aliud
1093 3067 1274 3142 1010110111,
1306 3088 1405 3151 quam
1433 3089 1490 3152 pa-

442 3167 547 3244 triam,
580 3167 712 3252 optimis
746 3167 872 3252 legibus
902 3173 936 3230 et
965 3167 1127 3230 institutis
1163 3173 1387 3252 temperatam,
1417 3167 1490 3230 aliis
1607 3194 1610 3246 j

443 3269 629 3332 nationibus
660 3269 874 3352 imperantem
903 3269 1107 3352 relinqueret
1152 3268 1259 3346 Quam
1284 3289 1370 3354 vaga
1398 3269 1492 3332 volu·
1552 3258 1554 3261 ⁵

443 3365 580 3456 bilisque
606 3371 648 3434 sit
674 3371 811 3446 fortuna,
838 3391 937 3452 quam
963 3369 1056 3433 varia
1085 3369 1387 3454 commutabilisque
1410 3369 1490 3434 vitae
1608 3356 1610 3389 ⁵

441 3473 533 3548 ratio,
566 3473 601 3534 in
638 3471 710 3534 aliis
747 3491 840 3556 saepe,
864 3472 901 3532 111
933 3471 1057 3554 meipso
1089 3491 1202 3554 nuper,
1228 3475 1382 3554 expertus
1410 3491 1491 3536 sum.

441 3571 530 3650 Quid
554 3571 708 3650 miserius,
737 3593 833 3656 quam
864 3571 906 3634 ab
936 3573 983 3634 eis
1004 3571 1100 3656 prodi
1123 3571 1241 3655 quibus
1266 3573 1379 3648 vitam,
1404 3571 1493 3636 inco-

440 3673 631 3750 lumitatem,
664 3695 700 3738 ac
731 3695 841 3738 omues
870 3673 1019 3737 fortunas
1054 3678 1130 3736 tuas
1167 3673 1410 3736 committeres?
1454 3671 1493 3738 si
1596 3752 1600 3763 δ

440 3777 582 3860 patriam
608 3777 754 3854 laeserim,
780 3777 808 3840 si
833 3777 873 3840 de
897 3775 1075 3842 commodis
1098 3775 1220 3840 civium
1246 3768 1283 3842 et
1305 3775 1493 3840 1111111οω111

440 3875 534 3952 bonis
558 3877 680 3962 aliquid
703 3877 908 3952 detraxerim,
936 3899 997 3940 nec
1019 3875 1182 3940 devincire
1207 3875 1377 3938 hominum
1406 3875 1493 3939 inter

384 4035 391 4052 ,
440 3977 586 4042 homines
617 3977 804 4042 societatem
837 3983 872 4042 et
909 3977 944 4040 in
982 3977 1127 4040 medium
1157 3977 1271 4040 afferre
1302 3977 1391 4061 quod
1419 3999 1493 4062 pro-

441 4079 548 4142 desset
577 4079 688 4142 multis
717 4079 812 4142 unice
844 4101 969 4162 semper
999 4078 1241 4154 elaboraverim,
1268 4079 1390 4142 nullius
1419 4099 1494 4162 sup

440 4179 530 4262 plicii
573 4173 783 4242 acerbitatem
825 4199 944 4244 recuso.
1019 4181 1070 4244 De
1113 4179 1208 4244 vobis
1249 4179 1386 4264 singulis
1427 4201 1495 4244 11011

438 4277 561 4342 11111111
585 4278 770 4360 praeclaram
798 4277 983 4362 opinionem
1008 4301 1062 4341 me
1086 4280 1268 4364 concepisse
1291 4301 1410 4364 sper0;
1437 4280 1495 4342 sed

440 4401 514 4442 cum
552 4383 653 4466 tantae
690 4379 727 4442 in
756 4379 925 4442 hominum
954 4379 1121 4442 mentibus
1151 4381 1286 4444 latebrae
1316 4379 1391 4457 sint,
1421 4385 1496 4442 tan-

439 4481 531 4566 tique
554 4501 702 4556 recessus,
726 4486 764 4545 ut
788 4479 1015 4544 difficillimum
1038 4481 1082 4544 sit
1104 4481 1187 4564 quid
1211 4481 1347 4566 quisque
1374 4481 1496 4544 sentiat

440 4595 637 4666 cognoscere,
662 4585 696 4644 et
718 4581 816 4660 frons,
831 4581 930 4658 foculi,
952 4603 991 4646 ac
1014 4583 1126 4646 uultus
1155 4583 1262 4646 multa
1290 4574 1496 4666 saepemem-

439 4683 573 4760 tiantur,
606 4681 759 4748 adhortor
789 4687 835 4760 et,
859 4683 1018 4748 admoneo
1050 4703 1092 4763 ne
1118 4703 1262 4768 ,causam
1285 4681 1385 4746 semel
1413 4703 1496 4766 prae-
