3400 5709
431 863 472 928 44
767 873 950 926 assurum
972 875 1134 926 maroam

265 1045 334 1102 al).
346 1053 416 1102 1415.
429 1055 612 1138 temporum
634 1049 762 1136 querela
773 1075 781 1132 ;
803 1071 907 1136 neque
929 1073 989 1136 par
1010 1055 1061 1114 est
1086 1048 1259 1114 obductam
1289 1047 1468 1115 cicatricem

429 1155 583 1230 refricare,
606 1159 775 1240 postquam
798 1153 937 1220 secunda
957 1153 1166 1238 navigatione
1187 1151 1223 1214 in
1239 1151 1377 1216 Galliam
1398 1175 1472 1238 per·

430 1255 585 1320 venimus.
646 1255 798 1320 Vestrum
828 1257 892 1320 erit
919 1255 1088 1340 praesentis
1117 1253 1219 1318 animi
1248 1253 1379 1320 consilio
1407 1253 1468 1334 uti,

430 1379 496 1440 non
522 1359 561 1422 de
583 1359 686 1442 gradu
708 1357 801 1442 dejici
830 1379 890 1420 nec
909 1355 1007 1420 rebus
1026 1357 1146 1442 asperis
1165 1355 1202 1420 in
1217 1355 1323 1422 Gallia
1343 1361 1470 1442 pertur-

430 1457 507 1522 bari
553 1457 607 1520 Me
637 1457 802 1542 captivum
832 1457 919 1520 Galli
946 1477 1112 1541 nunquam
1143 1459 1353 1536 detinebunt3
1383 1457 1471 1542 quic·

430 1559 509 1642 quid
544 1557 674 1620 fortuna
710 1561 743 1622 et
780 1579 870 1622 casus
906 1558 1055 1623 attulerit
1095 1558 1177 1622 mibi
1211 1581 1279 1623 non
1309 1559 1471 1624 recusanti

430 1659 553 1724 accidet
564 1681 572 1736 3
594 1665 652 1724 aut
674 1661 822 1744 praeclare
843 1658 953 1724 Gallos
975 1659 1073 1724 armis
1095 1661 1251 1746 superabo
1280 1665 1339 1724 aut
1359 1660 1472 1746 praelio

430 1759 535 1824 uictus
566 1759 601 1822 in
624 1761 707 1826 bello
732 1761 925 1826 occumbam.
983 1761 1064 1840 ouis
1092 1763 1202 1826 animo
1230 1761 1309 1826 forti
1330 1767 1365 1826 et
1386 1763 1472 1826 elato

429 1861 572 1926 hostium
609 1863 693 1928 uires
730 1863 943 1948 pertimescat,
973 1883 1111 1948 quorum
1148 1863 1307 1928 exercitus
1334 1861 1472 1946 majores

429 1965 532 2028 nostri
558 1985 642 2048 saepe
666 1963 840 2044 iudeumtl
885 1963 1008 2030 Nostra
1036 1969 1256 2044 monumenta,
1280 1964 1385 2048 nostri
1413 1963 1473 2028 tri-

428 2065 549 2150 umphi,
578 2069 611 2130 et
637 2067 782 2150 trophaea
808 2067 848 2130 de
873 2065 975 2130 Gallis
1001 2067 1167 2150 acquisita,
1191 2067 1227 2130 in
1251 2065 1395 2130 omnium
1419 2087 1473 2130 ore

429 2189 466 2230 ac
488 2189 633 2232 sermone
656 2173 833 2232 versantur.

473 2267 669 2332 “Felicitati
706 2291 786 2334 meae
816 2269 970 2354 gratulor,
1002 2267 1091 2354 quod
1121 2267 1299 2333 dominatio
1335 2291 1410 2332 mea
1438 2269 1475 2332 in

428 2391 466 2432 ea
496 2375 641 2454 tempora
670 2369 818 2434 inciderit
849 2391 921 2454 quae
951 2369 1236 2456 praestantissimos
1267 2371 1363 2436 duces
1392 2393 1475 2456 pene

427 2471 679 2534 innumerabiles
708 2471 899 2534 habuerrmt.
945 2471 1079 2535 Nostrae
1102 2471 1211 2534 aetatis
1239 2471 1394 2548 homines,
1426 2472 1475 2534 in·

427 2573 573 2636 credibili
595 2569 709 2636 robore
736 2573 845 2648 animi,
870 2577 1010 2636 mortem
1042 2593 1102 2656 pro
1124 2573 1232 2658 patria
1259 2573 1369 2636 subire
1393 2593 1478 2636 nun-

415 2695 526 2758 quam
550 2675 751 2738 dubitarunt.
809 2673 846 2738 Si
875 2673 1049 2760 pristinam
1071 2673 1230 2738 virtutem
1253 2663 1475 2750 adhibueritis,

426 2777 621 2862 propediem,
653 2781 693 2858 ut
723 2797 823 2862 spem,
858 2777 999 2840 Galliam
1029 2777 1067 2840 in
1095 2777 1225 2862 imperii
1253 2777 1358 2840 nostri
1389 2775 1478 2840 dedi·
1546 2791 1550 2798 ‘

426 2879 550 2944 tionem
574 2879 766 2964 redigemus.
813 2879 869 2942 Me
893 2879 1085 2942 exanimant
1106 2883 1141 2942 et
1162 2879 1358 2942 interimunt
1383 2899 1478 2942 voces

427 2981 493 3046 illae
523 3003 603 3066 quas
634 2981 730 3044 audio
761 2985 793 3044 et
830 2979 949 3064 quibus
978 2981 1138 3044 intersum
1167 2979 1321 3064 quotidie,
1357 2983 1479 3044 temere

427 3083 469 3146 ab
494 3083 681 3146 hominibus
708 3083 847 3146 incautis
883 3087 918 3146 et
951 3083 1061 3146 omnia
1091 3083 1233 3166 pericula
1258 3081 1480 3146 metuentibus

428 3185 562 3248 emissae.
608 3183 701 3248 Nihil
723 3205 850 3250 necesse
869 3187 920 3248 est
941 3181 1042 3248 fortes
1061 3181 1183 3248 milites
1206 3203 1285 3266 quos
1307 3183 1343 3244 in
1358 3181 1481 3266 Anglia

427 3287 616 3370 reliquimus
661 3305 802 3364 evocare,
841 3283 907 3350 acsi
945 3283 1050 3348 fracta
1086 3288 1172 3348 esset
1208 3305 1280 3368 spes
1324 3283 1480 3349 victoriae.

429 3387 646 3452 Multitudine
690 3407 711 3450 a
756 3384 867 3462 Gallis,
914 3407 952 3450 ao
995 3407 1063 3448 non
1106 3383 1209 3448 animi
1245 3383 1479 3470 magnitudine,

429 3509 624 3572 superamur.
686 3487 832 3552 Stultum
867 3491 918 3550 est
951 3491 986 3550 et
1021 3485 1203 3572 impietatis
1233 3485 1375 3572 plenum,
1409 3485 1482 3572 plus

429 3591 550 3654 nostris
588 3589 712 3654 uiribus
744 3611 842 3674 quam
880 3587 1002 3652 divinae
1038 3587 1276 3652 benevolentiae
1314 3592 1347 3652 et
1377 3609 1481 3652 causae

431 3691 581 3776 aequitati
612 3693 778 3758 confidere.
825 3689 920 3756 Nihil
940 3689 1036 3754 nobis
1058 3689 1178 3754 accidit
1200 3713 1256 3754 cur
1278 3689 1319 3754 de
1344 3689 1484 3754 victoria

325 3863 326 3866 ,
432 3795 647 3878 desperemus,
672 3795 699 3858 si
726 3815 848 3858 numen
875 3793 1033 3870 divinum,
1058 3791 1179 3856 nostris
1202 3791 1389 3856 hominibus
1415 3791 1484 3876 pla-

414 3899 549 3972 catum,
575 3895 727 3960 inertiam
749 3897 783 3956 et
804 3893 1033 3958 infractionem
1056 3893 1160 3956 animi
1181 3893 1342 3956 militibus
1362 3893 1485 3956 nostris

431 4017 499 4058 non
522 3993 677 4080 injiciat.”

477 4095 562 4160 Cum
601 4095 761 4160 Hernicus
800 4095 929 4160 dicendi
960 4095 1060 4160 finem
1091 4095 1226 4172 fecisset,
1258 4092 1301 4158 ab
1332 4093 1486 4160 universo

432 4195 577 4260 exercitu
605 4197 838 4260 conclamatum
862 4199 977 4258 est--“
992 4195 1035 4258 In
1056 4197 1160 4260 aciem
1181 4195 1434 4282 progrediamur,
1451 4195 1487 4260 in
1608 4242 1610 4267 ÷

431 4297 540 4360 hostes
573 4295 742 4370 irruamus,
762 4295 932 4362 ‘districtis
962 4295 1080 4380 gladiis
1118 4318 1229 4360 eorum
1259 4297 1363 4360 latera
1395 4301 1487 4382 peta-

432 4395 531 4460 mus.''
579 4395 672 4460 Idem
702 4397 790 4480 quod
822 4389 1030 4460 multitudini
1059 4395 1190 4479 placuit,
1220 4397 1345 4460 nobiles
1372 4417 1487 4480 appro-

431 4497 560 4562 barunt.
622 4495 792 4578 Henrious,
819 4513 884 4582 quo
913 4497 1020 4562 tutius
1049 4519 1125 4562 cum
1154 4497 1250 4562 hoste
1278 4503 1484 4574 concertaret,

431 4595 538 4662 noluit
575 4597 684 4662 subito
724 4599 760 4664 in
794 4599 896 4664 aciem
937 4599 1154 4678 descendere3
1194 4601 1373 4682 antequam
1410 4619 1486 4686 ergo

327 4787 328 4790 Ἴ
430 4699 553 4764 milites
575 4699 793 4778 educerentur,
815 4700 947 4790 provisa
966 4701 1100 4766 fuerunt
1120 4699 1232 4790 omnia
1253 4699 1403 4788 pericula
