<?xml version="1.0" encoding="UTF-8"?>
<!DOCTYPE html PUBLIC "-//W3C//DTD XHTML 1.0 Transitional//EN"
    "http://www.w3.org/TR/xhtml1/DTD/xhtml1-transitional.dtd">
<html xmlns="http://www.w3.org/1999/xhtml" xml:lang="en" lang="en">
 <head>
  <title>
</title>
<meta http-equiv="Content-Type" content="text/html;charset=utf-8" />
  <meta name='ocr-system' content='tesseract 3.04.00' />
  <meta name='ocr-capabilities' content='ocr_page ocr_carea ocr_par ocr_line ocrx_word'/>
</head>
<body>
  <div class='ocr_page' id='page_1' title='image "./henriciquintiil00redmgoog_0099.png"; bbox 0 0 3400 5709; ppageno 0'>
   <div class='ocr_carea' id='block_1_1' title="bbox 658 855 1286 920">
    <p class='ocr_par' dir='ltr' id='par_1_1' title="bbox 658 855 1286 920">
     <span class='ocr_line' id='line_1_1' title="bbox 658 855 1286 920; baseline 0.003 -6"><span class='ocrx_word' id='word_1_1' title='bbox 658 867 804 916; x_wconf 82' lang='lat' dir='ltr'>nnnnror</span> <span class='ocrx_word' id='word_1_2' title='bbox 827 861 881 920; x_wconf 58' lang='lat' dir='ltr'>vn.</span> <span class='ocrx_word' id='word_1_3' title='bbox 1245 855 1286 920; x_wconf 80' lang='lat'>25</span> 
     </span>
    </p>
   </div>
   <div class='ocr_carea' id='block_1_2' title="bbox 125 1031 1453 4670">
    <p class='ocr_par' dir='ltr' id='par_1_2' title="bbox 125 1031 1453 4352">
     <span class='ocr_line' id='line_1_2' title="bbox 245 1031 1453 1122; baseline 0 -22"><span class='ocrx_word' id='word_1_4' title='bbox 245 1035 402 1122; x_wconf 90' lang='lat' dir='ltr'>plerisque</span> <span class='ocrx_word' id='word_1_5' title='bbox 439 1031 476 1098; x_wconf 89' lang='lat' dir='ltr'>in</span> <span class='ocrx_word' id='word_1_6' title='bbox 513 1037 654 1098; x_wconf 84' lang='lat' dir='ltr'>mentem</span> <span class='ocrx_word' id='word_1_7' title='bbox 688 1035 830 1120; x_wconf 87' lang='lat' dir='ltr'>precario</span> <span class='ocrx_word' id='word_1_8' title='bbox 864 1035 907 1098; x_wconf 89' lang='lat' dir='ltr'>ab</span> <span class='ocrx_word' id='word_1_9' title='bbox 943 1035 1001 1100; x_wconf 88' lang='lat' dir='ltr'>illo</span> <span class='ocrx_word' id='word_1_10' title='bbox 1039 1035 1182 1120; x_wconf 86' lang='lat' dir='ltr'>principe</span> <span class='ocrx_word' id='word_1_11' title='bbox 1214 1055 1453 1110; x_wconf 76' lang='lat' dir='ltr'>con-A,1)‚1414;</span> 
     </span>
     <span class='ocr_line' id='line_1_3' title="bbox 243 1135 1288 1220; baseline -0.003 -18"><span class='ocrx_word' id='word_1_12' title='bbox 243 1137 374 1202; x_wconf 88' lang='lat' dir='ltr'>tendere</span> <span class='ocrx_word' id='word_1_13' title='bbox 412 1139 446 1200; x_wconf 88' lang='lat' dir='ltr'>et</span> <span class='ocrx_word' id='word_1_14' title='bbox 481 1135 673 1220; x_wconf 89' lang='lat' dir='ltr'>petitionem</span> <span class='ocrx_word' id='word_1_15' title='bbox 703 1157 795 1200; x_wconf 88' lang='lat' dir='ltr'>suam</span> <span class='ocrx_word' id='word_1_16' title='bbox 825 1135 982 1200; x_wconf 88' lang='lat' dir='ltr'>adornare</span> <span class='ocrx_word' id='word_1_17' title='bbox 1023 1137 1218 1220; x_wconf 83' lang='lat' dir='ltr'>diligentius,</span> <span class='ocrx_word' id='word_1_18' title='bbox 1248 1140 1288 1200; x_wconf 88' lang='lat' dir='ltr'>ut</span> 
     </span>
     <span class='ocr_line' id='line_1_4' title="bbox 152 1237 1451 1328; baseline -0.001 -24"><span class='ocrx_word' id='word_1_19' title='bbox 152 1321 155 1326; x_wconf 80' lang='lat'><em>.</em></span> <span class='ocrx_word' id='word_1_20' title='bbox 240 1239 451 1328; x_wconf 88' lang='lat' dir='ltr'>possessiones</span> <span class='ocrx_word' id='word_1_21' title='bbox 477 1243 643 1314; x_wconf 87' lang='lat' dir='ltr'>terrarum,</span> <span class='ocrx_word' id='word_1_22' title='bbox 670 1237 814 1302; x_wconf 87' lang='lat' dir='ltr'>dominia</span> <span class='ocrx_word' id='word_1_23' title='bbox 837 1259 945 1302; x_wconf 86' lang='lat' dir='ltr'>rerum</span> <span class='ocrx_word' id='word_1_24' title='bbox 968 1237 1178 1323; x_wconf 83' lang='lat' dir='ltr'>privatarum,</span> <span class='ocrx_word' id='word_1_25' title='bbox 1203 1241 1451 1317; x_wconf 79' lang='lat' dir='ltr'>tem-Aprevious</span> 
     </span>
     <span class='ocr_line' id='line_1_5' title="bbox 149 1321 1408 1436; baseline -0.002 -30"><span class='ocrx_word' id='word_1_26' title='bbox 149 1327 150 1330; x_wconf 22' lang='lat'>¹</span> <span class='ocrx_word' id='word_1_27' title='bbox 239 1341 431 1428; x_wconf 84' lang='lat' dir='ltr'>poralitates,</span> <span class='ocrx_word' id='word_1_28' title='bbox 464 1343 502 1406; x_wconf 92' lang='lat' dir='ltr'>nt</span> <span class='ocrx_word' id='word_1_29' title='bbox 530 1339 579 1404; x_wconf 88' lang='lat' dir='ltr'>ita</span> <span class='ocrx_word' id='word_1_30' title='bbox 609 1341 727 1424; x_wconf 88' lang='lat' dir='ltr'>loquar,</span> <span class='ocrx_word' id='word_1_31' title='bbox 761 1343 794 1406; x_wconf 90' lang='lat' dir='ltr'>et</span> <span class='ocrx_word' id='word_1_32' title='bbox 823 1337 921 1403; x_wconf 85' lang='lat' dir='ltr'>feuda</span> <span class='ocrx_word' id='word_1_33' title='bbox 949 1361 970 1404; x_wconf 92' lang='lat' dir='ltr'>a</span> <span class='ocrx_word' id='word_1_34' title='bbox 997 1340 1060 1426; x_wconf 88' lang='lat' dir='ltr'>piis</span> <span class='ocrx_word' id='word_1_35' title='bbox 1096 1339 1280 1404; x_wconf 85' lang='lat' dir='ltr'>hominibus</span> <span class='ocrx_word' id='word_1_36' title='bbox 1291 1321 1408 1436; x_wconf 52' lang='grc' dir='ltr'>ξξξξξέ</span> 
     </span>
     <span class='ocr_line' id='line_1_6' title="bbox 171 1441 1446 1528; baseline -0.003 -22"><span class='ocrx_word' id='word_1_37' title='bbox 171 1487 173 1492; x_wconf 35' lang='lat' dir='ltr'>s</span> <span class='ocrx_word' id='word_1_38' title='bbox 237 1443 382 1528; x_wconf 81' lang='lat' dir='ltr'>religiose</span> <span class='ocrx_word' id='word_1_39' title='bbox 418 1445 590 1526; x_wconf 85' lang='lat' dir='ltr'>sancteque</span> <span class='ocrx_word' id='word_1_40' title='bbox 629 1463 775 1506; x_wconf 88' lang='lat' dir='ltr'>concessa</span> <span class='ocrx_word' id='word_1_41' title='bbox 810 1463 847 1504; x_wconf 88' lang='lat' dir='ltr'>ac</span> <span class='ocrx_word' id='word_1_42' title='bbox 884 1442 1016 1518; x_wconf 86' lang='lat' dir='ltr'>tributa,</span> <span class='ocrx_word' id='word_1_43' title='bbox 1047 1463 1121 1506; x_wconf 85' lang='lat' dir='ltr'>cum</span> <span class='ocrx_word' id='word_1_44' title='bbox 1137 1441 1446 1514; x_wconf 75' lang='lat' dir='ltr'>&#39;nefariekingshourd</span> 
     </span>
     <span class='ocr_line' id='line_1_7' title="bbox 235 1517 1436 1644; baseline -0.005 -34"><span class='ocrx_word' id='word_1_45' title='bbox 235 1565 271 1610; x_wconf 84' lang='lat' dir='ltr'>ac</span> <span class='ocrx_word' id='word_1_46' title='bbox 306 1541 471 1608; x_wconf 76' lang='lat' dir='ltr'><strong>luxuriose</strong></span> <span class='ocrx_word' id='word_1_47' title='bbox 508 1565 528 1606; x_wconf 89' lang='lat' dir='ltr'>a</span> <span class='ocrx_word' id='word_1_48' title='bbox 565 1541 685 1608; x_wconf 79' lang='lat' dir='ltr'>clericis</span> <span class='ocrx_word' id='word_1_49' title='bbox 723 1547 992 1619; x_wconf 71' lang='lat' dir='ltr'>consumerentur,</span> <span class='ocrx_word' id='word_1_50' title='bbox 1029 1545 1177 1628; x_wconf 86' lang='lat' dir='ltr'>princeps</span> <span class='ocrx_word' id='word_1_51' title='bbox 1212 1517 1436 1644; x_wconf 52' lang='lat' dir='ltr'>sibifflssigffi</span> 
     </span>
     <span class='ocr_line' id='line_1_8' title="bbox 234 1643 1364 1730; baseline -0.002 -20"><span class='ocrx_word' id='word_1_52' title='bbox 234 1649 415 1720; x_wconf 86' lang='lat' dir='ltr'>assumeret,</span> <span class='ocrx_word' id='word_1_53' title='bbox 444 1649 484 1722; x_wconf 91' lang='lat' dir='ltr'>et,</span> <span class='ocrx_word' id='word_1_54' title='bbox 511 1667 568 1708; x_wconf 91' lang='lat' dir='ltr'>suo</span> <span class='ocrx_word' id='word_1_55' title='bbox 589 1643 664 1730; x_wconf 88' lang='lat' dir='ltr'>jure</span> <span class='ocrx_word' id='word_1_56' title='bbox 686 1665 724 1710; x_wconf 90' lang='lat' dir='ltr'>ac</span> <span class='ocrx_word' id='word_1_57' title='bbox 754 1643 783 1708; x_wconf 89' lang='lat' dir='ltr'>si</span> <span class='ocrx_word' id='word_1_58' title='bbox 804 1667 825 1706; x_wconf 89' lang='lat' dir='ltr'>a</span> <span class='ocrx_word' id='word_1_59' title='bbox 854 1643 1030 1728; x_wconf 83' lang='lat' dir='ltr'>majoribus</span> <span class='ocrx_word' id='word_1_60' title='bbox 1052 1645 1164 1708; x_wconf 88' lang='lat' dir='ltr'>eadem</span> <span class='ocrx_word' id='word_1_61' title='bbox 1185 1644 1274 1710; x_wconf 86' lang='lat' dir='ltr'>here·</span> <span class='ocrx_word' id='word_1_62' title='bbox 1285 1649 1316 1698; x_wconf 84' lang='lat' dir='ltr'>of</span> <span class='ocrx_word' id='word_1_63' title='bbox 1321 1651 1364 1700; x_wconf 83' lang='lat' dir='ltr'>the</span> 
     </span>
     <span class='ocr_line' id='line_1_9' title="bbox 233 1716 1440 1838; baseline -0.001 -28"><span class='ocrx_word' id='word_1_64' title='bbox 233 1745 333 1810; x_wconf 85' lang='lat' dir='ltr'>ditate</span> <span class='ocrx_word' id='word_1_65' title='bbox 363 1745 542 1830; x_wconf 87' lang='lat' dir='ltr'>accepisset,</span> <span class='ocrx_word' id='word_1_66' title='bbox 574 1745 760 1808; x_wconf 88' lang='lat' dir='ltr'>vindicaret.</span> <span class='ocrx_word' id='word_1_67' title='bbox 822 1745 956 1810; x_wconf 79' lang='lat' dir='ltr'>Bonitas</span> <span class='ocrx_word' id='word_1_68' title='bbox 982 1745 1177 1833; x_wconf 87' lang='lat' dir='ltr'>praediorum</span> <span class='ocrx_word' id='word_1_69' title='bbox 1204 1745 1273 1832; x_wconf 85' lang='lat' dir='ltr'>regi</span> <span class='ocrx_word' id='word_1_70' title='bbox 1286 1716 1440 1838; x_wconf 51' lang='lat' dir='ltr'>,iffleffw</span> 
     </span>
     <span class='ocr_line' id='line_1_10' title="bbox 232 1847 1274 1930; baseline -0.002 -18"><span class='ocrx_word' id='word_1_71' title='bbox 232 1847 418 1922; x_wconf 89' lang='lat' dir='ltr'>ostenditur,</span> <span class='ocrx_word' id='word_1_72' title='bbox 459 1851 493 1910; x_wconf 91' lang='lat' dir='ltr'>et</span> <span class='ocrx_word' id='word_1_73' title='bbox 530 1847 694 1910; x_wconf 87' lang='lat' dir='ltr'>fructuum</span> <span class='ocrx_word' id='word_1_74' title='bbox 732 1847 859 1912; x_wconf 82' lang='lat' dir='ltr'>utilitas</span> <span class='ocrx_word' id='word_1_75' title='bbox 903 1867 976 1930; x_wconf 87' lang='lat' dir='ltr'>quae</span> <span class='ocrx_word' id='word_1_76' title='bbox 1017 1847 1188 1928; x_wconf 87' lang='lat' dir='ltr'>quotannis</span> <span class='ocrx_word' id='word_1_77' title='bbox 1232 1867 1274 1910; x_wconf 83' lang='lat' dir='ltr'>ex</span> 
     </span>
     <span class='ocr_line' id='line_1_11' title="bbox 230 1946 1274 2034; baseline -0.001 -22"><span class='ocrx_word' id='word_1_78' title='bbox 230 1949 347 2012; x_wconf 89' lang='lat' dir='ltr'>eisdem</span> <span class='ocrx_word' id='word_1_79' title='bbox 370 1947 585 2034; x_wconf 85' lang='lat' dir='ltr'>perciperetur</span> <span class='ocrx_word' id='word_1_80' title='bbox 615 1947 743 2012; x_wconf 88' lang='lat' dir='ltr'>silentio</span> <span class='ocrx_word' id='word_1_81' title='bbox 774 1969 839 2012; x_wconf 93' lang='lat' dir='ltr'>non</span> <span class='ocrx_word' id='word_1_82' title='bbox 858 1947 1045 2017; x_wconf 86' lang='lat' dir='ltr'>involvitur.</span> <span class='ocrx_word' id='word_1_83' title='bbox 1089 1946 1274 2012; x_wconf 84' lang='lat' dir='ltr'>Adfirenmt</span> 
     </span>
     <span class='ocr_line' id='line_1_12' title="bbox 230 2045 1272 2136; baseline -0.002 -22"><span class='ocrx_word' id='word_1_84' title='bbox 230 2049 283 2136; x_wconf 88' lang='lat' dir='ltr'>qui</span> <span class='ocrx_word' id='word_1_85' title='bbox 304 2071 369 2112; x_wconf 90' lang='lat' dir='ltr'>non</span> <span class='ocrx_word' id='word_1_86' title='bbox 394 2049 588 2114; x_wconf 69' lang='lat' dir='ltr'>dubitarunt</span> <span class='ocrx_word' id='word_1_87' title='bbox 611 2045 769 2114; x_wconf 86' lang='lat' dir='ltr'>affirmare</span> <span class='ocrx_word' id='word_1_88' title='bbox 789 2071 858 2114; x_wconf 92' lang='lat' dir='ltr'>rem</span> <span class='ocrx_word' id='word_1_89' title='bbox 879 2049 977 2126; x_wconf 89' lang='lat' dir='ltr'>illam,</span> <span class='ocrx_word' id='word_1_90' title='bbox 994 2048 1093 2113; x_wconf 85' lang='lat' dir='ltr'>semel</span> <span class='ocrx_word' id='word_1_91' title='bbox 1113 2069 1133 2112; x_wconf 92' lang='lat' dir='ltr'>a</span> <span class='ocrx_word' id='word_1_92' title='bbox 1157 2049 1272 2114; x_wconf 90' lang='lat' dir='ltr'>nobili·</span> 
     </span>
     <span class='ocr_line' id='line_1_13' title="bbox 228 2151 1271 2236; baseline 0 -20"><span class='ocrx_word' id='word_1_93' title='bbox 228 2153 286 2216; x_wconf 92' lang='lat' dir='ltr'>bus</span> <span class='ocrx_word' id='word_1_94' title='bbox 312 2155 500 2236; x_wconf 88' lang='lat' dir='ltr'>susceptam,</span> <span class='ocrx_word' id='word_1_95' title='bbox 528 2157 561 2216; x_wconf 91' lang='lat' dir='ltr'>et</span> <span class='ocrx_word' id='word_1_96' title='bbox 590 2151 658 2236; x_wconf 77' lang='lat' dir='ltr'>regi</span> <span class='ocrx_word' id='word_1_97' title='bbox 689 2151 811 2228; x_wconf 87' lang='lat' dir='ltr'>honori,-</span> <span class='ocrx_word' id='word_1_98' title='bbox 843 2153 888 2216; x_wconf 84' lang='lat' dir='ltr'>eis</span> <span class='ocrx_word' id='word_1_99' title='bbox 918 2151 1064 2228; x_wconf 79' lang='lat' dir='ltr'>utilitati,</span> <span class='ocrx_word' id='word_1_100' title='bbox 1096 2155 1130 2216; x_wconf 91' lang='lat' dir='ltr'>et</span> <span class='ocrx_word' id='word_1_101' title='bbox 1158 2152 1271 2236; x_wconf 88' lang='lat' dir='ltr'>patriae</span> 
     </span>
     <span class='ocr_line' id='line_1_14' title="bbox 227 2251 1272 2338; baseline -0.002 -20"><span class='ocrx_word' id='word_1_102' title='bbox 227 2253 384 2318; x_wconf 86' lang='lat' dir='ltr'>universae</span> <span class='ocrx_word' id='word_1_103' title='bbox 417 2253 634 2318; x_wconf 82' lang='lat' dir='ltr'>emolumento</span> <span class='ocrx_word' id='word_1_104' title='bbox 664 2251 816 2318; x_wconf 85' lang='lat' dir='ltr'>futuram.</span> <span class='ocrx_word' id='word_1_105' title='bbox 864 2253 1072 2318; x_wconf 86' lang='lat' dir='ltr'>Addiderunt</span> <span class='ocrx_word' id='word_1_106' title='bbox 1095 2273 1187 2338; x_wconf 84' lang='lat' dir='ltr'>posse</span> <span class='ocrx_word' id='word_1_107' title='bbox 1207 2255 1272 2316; x_wconf 86' lang='lat' dir='ltr'>illis</span> 
     </span>
     <span class='ocr_line' id='line_1_15' title="bbox 226 2353 1273 2440; baseline 0.002 -22"><span class='ocrx_word' id='word_1_108' title='bbox 226 2353 361 2418; x_wconf 85' lang='lat' dir='ltr'>fortunis</span> <span class='ocrx_word' id='word_1_109' title='bbox 405 2353 499 2418; x_wconf 82' lang='lat' dir='ltr'>facile</span> <span class='ocrx_word' id='word_1_110' title='bbox 543 2355 727 2432; x_wconf 87' lang='lat' dir='ltr'>sustentari,</span> <span class='ocrx_word' id='word_1_111' title='bbox 775 2355 959 2440; x_wconf 87' lang='lat' dir='ltr'>quindecim</span> <span class='ocrx_word' id='word_1_112' title='bbox 1002 2355 1141 2430; x_wconf 75' lang='lat' dir='ltr'>comites</span> <span class='ocrx_word' id='word_1_113' title='bbox 1182 2355 1273 2438; x_wconf 86' lang='lat' dir='ltr'>quin-</span> 
     </span>
     <span class='ocr_line' id='line_1_16' title="bbox 228 2455 1274 2532; baseline 0 -12"><span class='ocrx_word' id='word_1_114' title='bbox 228 2455 328 2520; x_wconf 87' lang='lat' dir='ltr'>decim</span> <span class='ocrx_word' id='word_1_115' title='bbox 362 2459 491 2520; x_wconf 87' lang='lat' dir='ltr'>centum</span> <span class='ocrx_word' id='word_1_116' title='bbox 528 2457 647 2520; x_wconf 82' lang='lat' dir='ltr'>milites</span> <span class='ocrx_word' id='word_1_117' title='bbox 684 2455 758 2522; x_wconf 85' lang='lat' dir='ltr'>sive</span> <span class='ocrx_word' id='word_1_118' title='bbox 791 2457 935 2532; x_wconf 88' lang='lat' dir='ltr'>barones,</span> <span class='ocrx_word' id='word_1_119' title='bbox 981 2477 1039 2520; x_wconf 81' lang='lat' dir='ltr'>sex</span> <span class='ocrx_word' id='word_1_120' title='bbox 1082 2455 1171 2518; x_wconf 87' lang='lat' dir='ltr'>mille</span> <span class='ocrx_word' id='word_1_121' title='bbox 1215 2455 1274 2520; x_wconf 89' lang='lat' dir='ltr'>du·</span> 
     </span>
     <span class='ocr_line' id='line_1_17' title="bbox 226 2557 1274 2644; baseline -0.002 -22"><span class='ocrx_word' id='word_1_122' title='bbox 226 2561 333 2622; x_wconf 90' lang='lat' dir='ltr'>centos</span> <span class='ocrx_word' id='word_1_123' title='bbox 354 2559 504 2642; x_wconf 82' lang='lat' dir='ltr'>equites,</span> <span class='ocrx_word' id='word_1_124' title='bbox 543 2563 577 2620; x_wconf 92' lang='lat' dir='ltr'>et</span> <span class='ocrx_word' id='word_1_125' title='bbox 615 2563 745 2644; x_wconf 85' lang='lat' dir='ltr'>centum</span> <span class='ocrx_word' id='word_1_126' title='bbox 781 2557 1039 2642; x_wconf 89' lang='lat' dir='ltr'>ptochotrophia,</span> <span class='ocrx_word' id='word_1_127' title='bbox 1080 2557 1118 2620; x_wconf 91' lang='lat' dir='ltr'>in</span> <span class='ocrx_word' id='word_1_128' title='bbox 1157 2557 1274 2642; x_wconf 87' lang='lat' dir='ltr'>quibus</span> 
     </span>
     <span class='ocr_line' id='line_1_18' title="bbox 227 2657 1274 2744; baseline -0.005 -20"><span class='ocrx_word' id='word_1_129' title='bbox 227 2657 370 2724; x_wconf 91' lang='lat' dir='ltr'>homines</span> <span class='ocrx_word' id='word_1_130' title='bbox 399 2659 509 2722; x_wconf 88' lang='lat' dir='ltr'>miseri</span> <span class='ocrx_word' id='word_1_131' title='bbox 537 2663 703 2722; x_wconf 88' lang='lat' dir='ltr'>senectute</span> <span class='ocrx_word' id='word_1_132' title='bbox 734 2663 767 2722; x_wconf 92' lang='lat' dir='ltr'>et</span> <span class='ocrx_word' id='word_1_133' title='bbox 798 2665 941 2744; x_wconf 82' lang='lat' dir='ltr'>egestate</span> <span class='ocrx_word' id='word_1_134' title='bbox 969 2659 1090 2744; x_wconf 89' lang='lat' dir='ltr'>perditi</span> <span class='ocrx_word' id='word_1_135' title='bbox 1114 2659 1274 2720; x_wconf 88' lang='lat' dir='ltr'>nutriren-</span> 
     </span>
     <span class='ocr_line' id='line_1_19' title="bbox 226 2759 1274 2846; baseline -0.004 -20"><span class='ocrx_word' id='word_1_136' title='bbox 226 2765 286 2826; x_wconf 86' lang='lat' dir='ltr'>tur.</span> <span class='ocrx_word' id='word_1_137' title='bbox 343 2759 514 2840; x_wconf 87' lang='lat' dir='ltr'>Pmeterea‚</span> <span class='ocrx_word' id='word_1_138' title='bbox 545 2759 697 2822; x_wconf 88' lang='lat' dir='ltr'>detractis</span> <span class='ocrx_word' id='word_1_139' title='bbox 729 2759 920 2846; x_wconf 82' lang='lat' dir='ltr'>sumptibus,</span> <span class='ocrx_word' id='word_1_140' title='bbox 952 2763 1122 2846; x_wconf 81' lang='lat' dir='ltr'>speranmt</span> <span class='ocrx_word' id='word_1_141' title='bbox 1150 2779 1274 2822; x_wconf 89' lang='lat' dir='ltr'>annuos</span> 
     </span>
     <span class='ocr_line' id='line_1_20' title="bbox 225 2861 1274 2948; baseline 0 -24"><span class='ocrx_word' id='word_1_142' title='bbox 225 2861 370 2926; x_wconf 89' lang='lat' dir='ltr'>redditus</span> <span class='ocrx_word' id='word_1_143' title='bbox 407 2861 450 2924; x_wconf 87' lang='lat' dir='ltr'>ad</span> <span class='ocrx_word' id='word_1_144' title='bbox 486 2861 663 2946; x_wconf 89' lang='lat' dir='ltr'>principem</span> <span class='ocrx_word' id='word_1_145' title='bbox 705 2865 739 2924; x_wconf 89' lang='lat' dir='ltr'>et</span> <span class='ocrx_word' id='word_1_146' title='bbox 777 2865 857 2948; x_wconf 80' lang='lat' dir='ltr'>ejus</span> <span class='ocrx_word' id='word_1_147' title='bbox 881 2861 995 2924; x_wconf 85' lang='lat' dir='ltr'>fiscum</span> <span class='ocrx_word' id='word_1_148' title='bbox 1030 2861 1151 2946; x_wconf 85' lang='lat' dir='ltr'>viginti</span> <span class='ocrx_word' id='word_1_149' title='bbox 1185 2861 1274 2924; x_wconf 87' lang='lat' dir='ltr'>mille</span> 
     </span>
     <span class='ocr_line' id='line_1_21' title="bbox 225 2962 1275 3048; baseline 0 -22"><span class='ocrx_word' id='word_1_150' title='bbox 225 2963 332 3040; x_wconf 86' lang='lat' dir='ltr'>libras,</span> <span class='ocrx_word' id='word_1_151' title='bbox 358 2983 456 3046; x_wconf 89' lang='lat' dir='ltr'>quam</span> <span class='ocrx_word' id='word_1_152' title='bbox 477 2963 613 3026; x_wconf 88' lang='lat' dir='ltr'>minimo</span> <span class='ocrx_word' id='word_1_153' title='bbox 636 2963 775 3048; x_wconf 81' lang='lat' dir='ltr'>negotio,</span> <span class='ocrx_word' id='word_1_154' title='bbox 798 2963 868 3026; x_wconf 91' lang='lat' dir='ltr'>sine</span> <span class='ocrx_word' id='word_1_155' title='bbox 890 2963 957 3026; x_wconf 90' lang='lat' dir='ltr'>ullo</span> <span class='ocrx_word' id='word_1_156' title='bbox 978 2962 1089 3026; x_wconf 87' lang='lat' dir='ltr'>labore</span> <span class='ocrx_word' id='word_1_157' title='bbox 1104 2967 1275 3048; x_wconf 79' lang='lat' dir='ltr'>perventu-</span> 
     </span>
     <span class='ocr_line' id='line_1_22' title="bbox 225 3063 1275 3150; baseline 0 -22"><span class='ocrx_word' id='word_1_158' title='bbox 225 3087 283 3128; x_wconf 90' lang='lat' dir='ltr'>ras.</span> <span class='ocrx_word' id='word_1_159' title='bbox 306 3085 307 3088; x_wconf 71' lang='grc'>’</span> <span class='ocrx_word' id='word_1_160' title='bbox 329 3063 460 3140; x_wconf 76' lang='lat' dir='ltr'>Aulicis</span> <span class='ocrx_word' id='word_1_161' title='bbox 501 3065 556 3150; x_wconf 87' lang='lat' dir='ltr'>qui</span> <span class='ocrx_word' id='word_1_162' title='bbox 592 3065 706 3128; x_wconf 89' lang='lat' dir='ltr'>alienis</span> <span class='ocrx_word' id='word_1_163' title='bbox 744 3065 885 3130; x_wconf 83' lang='lat' dir='ltr'>fortunis</span> <span class='ocrx_word' id='word_1_164' title='bbox 915 3065 1091 3140; x_wconf 86' lang='lat' dir='ltr'>inhiarunt,</span> <span class='ocrx_word' id='word_1_165' title='bbox 1122 3065 1275 3148; x_wconf 87' lang='lat' dir='ltr'>praeclara</span> 
     </span>
     <span class='ocr_line' id='line_1_23' title="bbox 225 3165 1276 3250; baseline 0.002 -22"><span class='ocrx_word' id='word_1_166' title='bbox 225 3187 274 3230; x_wconf 86' lang='lat' dir='ltr'>res</span> <span class='ocrx_word' id='word_1_167' title='bbox 300 3167 370 3230; x_wconf 89' lang='lat' dir='ltr'>visa</span> <span class='ocrx_word' id='word_1_168' title='bbox 398 3171 466 3242; x_wconf 88' lang='lat' dir='ltr'>est;</span> <span class='ocrx_word' id='word_1_169' title='bbox 489 3167 546 3230; x_wconf 90' lang='lat' dir='ltr'>sed</span> <span class='ocrx_word' id='word_1_170' title='bbox 572 3165 685 3242; x_wconf 83' lang='lat' dir='ltr'>clerici,</span> <span class='ocrx_word' id='word_1_171' title='bbox 714 3165 754 3230; x_wconf 88' lang='lat' dir='ltr'>de</span> <span class='ocrx_word' id='word_1_172' title='bbox 781 3187 920 3250; x_wconf 89' lang='lat' dir='ltr'>quorum</span> <span class='ocrx_word' id='word_1_173' title='bbox 944 3167 1142 3250; x_wconf 84' lang='lat' dir='ltr'>possessione</span> <span class='ocrx_word' id='word_1_174' title='bbox 1167 3185 1276 3250; x_wconf 76' lang='lat' dir='ltr'>agere—</span> 
     </span>
     <span class='ocr_line' id='line_1_24' title="bbox 225 3265 1276 3352; baseline -0.003 -19"><span class='ocrx_word' id='word_1_175' title='bbox 225 3271 285 3344; x_wconf 88' lang='lat' dir='ltr'>tur,</span> <span class='ocrx_word' id='word_1_176' title='bbox 311 3267 532 3352; x_wconf 83' lang='lat' dir='ltr'>desperatione</span> <span class='ocrx_word' id='word_1_177' title='bbox 567 3287 649 3352; x_wconf 89' lang='lat' dir='ltr'>pene</span> <span class='ocrx_word' id='word_1_178' title='bbox 675 3265 769 3332; x_wconf 76' lang='lat' dir='ltr'>fracti</span> <span class='ocrx_word' id='word_1_179' title='bbox 792 3289 834 3332; x_wconf 89' lang='lat' dir='ltr'>ne</span> <span class='ocrx_word' id='word_1_180' title='bbox 859 3289 926 3332; x_wconf 89' lang='lat' dir='ltr'>non</span> <span class='ocrx_word' id='word_1_181' title='bbox 951 3268 1080 3332; x_wconf 89' lang='lat' dir='ltr'>illibata</span> <span class='ocrx_word' id='word_1_182' title='bbox 1105 3268 1191 3330; x_wconf 89' lang='lat' dir='ltr'>bona</span> <span class='ocrx_word' id='word_1_183' title='bbox 1216 3287 1276 3330; x_wconf 87' lang='lat' dir='ltr'>sua</span> 
     </span>
     <span class='ocr_line' id='line_1_25' title="bbox 225 3367 1371 3456; baseline -0.003 -24"><span class='ocrx_word' id='word_1_184' title='bbox 225 3369 346 3434; x_wconf 90' lang='lat' dir='ltr'>diutius</span> <span class='ocrx_word' id='word_1_185' title='bbox 369 3373 603 3446; x_wconf 86' lang='lat' dir='ltr'>conservarent,</span> <span class='ocrx_word' id='word_1_186' title='bbox 626 3369 736 3432; x_wconf 85' lang='lat' dir='ltr'>hastas</span> <span class='ocrx_word' id='word_1_187' title='bbox 757 3369 964 3452; x_wconf 82' lang='lat' dir='ltr'>abjecenmt3</span> <span class='ocrx_word' id='word_1_188' title='bbox 985 3373 1162 3452; x_wconf 86' lang='lat' dir='ltr'>antequam</span> <span class='ocrx_word' id='word_1_189' title='bbox 1185 3367 1371 3456; x_wconf 63' lang='lat' dir='ltr'>Han-arch-</span> 
     </span>
     <span class='ocr_line' id='line_1_26' title="bbox 225 3445 1445 3578; baseline 0 -46"><span class='ocrx_word' id='word_1_190' title='bbox 225 3469 307 3534; x_wconf 86' lang='lat' dir='ltr'>ricus</span> <span class='ocrx_word' id='word_1_191' title='bbox 354 3467 575 3542; x_wconf 85' lang='lat' dir='ltr'>Ohichelaius</span> <span class='ocrx_word' id='word_1_192' title='bbox 604 3467 846 3534; x_wconf 73' lang='lat' dir='ltr'>(lantuariensis</span> <span class='ocrx_word' id='word_1_193' title='bbox 891 3471 1059 3555; x_wconf 86' lang='lat' dir='ltr'>episcopus</span> <span class='ocrx_word' id='word_1_194' title='bbox 1103 3469 1193 3534; x_wconf 83' lang='lat' dir='ltr'>viam</span> <span class='ocrx_word' id='word_1_195' title='bbox 1236 3445 1445 3578; x_wconf 57' lang='lat' dir='ltr'>acbiiibpeley’s</span> 
     </span>
     <span class='ocr_line' id='line_1_27' title="bbox 125 3561 1397 3656; baseline 0.005 -24"><span class='ocrx_word' id='word_1_196' title='bbox 125 3577 127 3582; x_wconf 87' lang='lat'>&#39;</span> <span class='ocrx_word' id='word_1_197' title='bbox 224 3571 381 3634; x_wconf 89' lang='lat' dir='ltr'>rationem</span> <span class='ocrx_word' id='word_1_198' title='bbox 408 3571 631 3656; x_wconf 81' lang='lat' dir='ltr'>excogitasset,</span> <span class='ocrx_word' id='word_1_199' title='bbox 663 3561 730 3654; x_wconf 86' lang='lat' dir='ltr'>qua</span> <span class='ocrx_word' id='word_1_200' title='bbox 754 3569 848 3632; x_wconf 86' lang='lat' dir='ltr'>facile</span> <span class='ocrx_word' id='word_1_201' title='bbox 872 3571 1058 3634; x_wconf 87' lang='lat' dir='ltr'>incendium</span> <span class='ocrx_word' id='word_1_202' title='bbox 1081 3569 1165 3634; x_wconf 91' lang='lat' dir='ltr'>illud</span> <span class='ocrx_word' id='word_1_203' title='bbox 1188 3569 1397 3654; x_wconf 59' lang='lat' dir='ltr'>quodrlanssor</span> 
     </span>
     <span class='ocr_line' id='line_1_28' title="bbox 208 3651 1402 3758; baseline -0.002 -24"><span class='ocrx_word' id='word_1_204' title='bbox 208 3671 367 3746; x_wconf 88' lang='lat' dir='ltr'>omnium</span> <span class='ocrx_word' id='word_1_205' title='bbox 393 3671 485 3734; x_wconf 92' lang='lat' dir='ltr'>bonis</span> <span class='ocrx_word' id='word_1_206' title='bbox 515 3671 581 3734; x_wconf 88' lang='lat' dir='ltr'>fere</span> <span class='ocrx_word' id='word_1_207' title='bbox 612 3671 793 3756; x_wconf 85' lang='lat' dir='ltr'>subjectum</span> <span class='ocrx_word' id='word_1_208' title='bbox 825 3675 908 3735; x_wconf 89' lang='lat' dir='ltr'>esset</span> <span class='ocrx_word' id='word_1_209' title='bbox 932 3671 1145 3757; x_wconf 81' lang='lat' dir='ltr'>extingueret.</span> <span class='ocrx_word' id='word_1_210' title='bbox 1200 3671 1276 3734; x_wconf 85' lang='lat' dir='ltr'>Per·</span> <span class='ocrx_word' id='word_1_211' title='bbox 1286 3651 1402 3758; x_wconf 52' lang='lat' dir='ltr'>ffiffig</span> 
     </span>
     <span class='ocr_line' id='line_1_29' title="bbox 224 3771 1421 3858; baseline -0.002 -22"><span class='ocrx_word' id='word_1_212' title='bbox 224 3775 333 3858; x_wconf 69' lang='lat' dir='ltr'>spicas</span> <span class='ocrx_word' id='word_1_213' title='bbox 354 3773 444 3836; x_wconf 84' lang='lat' dir='ltr'>illius</span> <span class='ocrx_word' id='word_1_214' title='bbox 465 3773 530 3836; x_wconf 85' lang='lat' dir='ltr'>viri</span> <span class='ocrx_word' id='word_1_215' title='bbox 552 3773 720 3858; x_wconf 82' lang='lat' dir='ltr'>ingenium</span> <span class='ocrx_word' id='word_1_216' title='bbox 747 3771 812 3836; x_wconf 88' lang='lat' dir='ltr'>alia</span> <span class='ocrx_word' id='word_1_217' title='bbox 842 3773 971 3836; x_wconf 86' lang='lat' dir='ltr'>senatui</span> <span class='ocrx_word' id='word_1_218' title='bbox 997 3776 1031 3836; x_wconf 90' lang='lat' dir='ltr'>et</span> <span class='ocrx_word' id='word_1_219' title='bbox 1053 3791 1179 3836; x_wconf 86' lang='lat' dir='ltr'>summo</span> <span class='ocrx_word' id='word_1_220' title='bbox 1200 3779 1421 3854; x_wconf 64' lang='lat' dir='ltr'>con-templated</span> 
     </span>
     <span class='ocr_line' id='line_1_30' title="bbox 223 3845 1424 3960; baseline -0.002 -22"><span class='ocrx_word' id='word_1_221' title='bbox 223 3875 294 3938; x_wconf 90' lang='lat' dir='ltr'>cilio</span> <span class='ocrx_word' id='word_1_222' title='bbox 331 3875 507 3960; x_wconf 89' lang='lat' dir='ltr'>proposuit,</span> <span class='ocrx_word' id='word_1_223' title='bbox 551 3875 591 3938; x_wconf 92' lang='lat' dir='ltr'>de</span> <span class='ocrx_word' id='word_1_224' title='bbox 637 3873 754 3958; x_wconf 89' lang='lat' dir='ltr'>quibus</span> <span class='ocrx_word' id='word_1_225' title='bbox 800 3873 1000 3938; x_wconf 85' lang='lat' dir='ltr'>deliberaret.</span> <span class='ocrx_word' id='word_1_226' title='bbox 1062 3871 1272 3950; x_wconf 84' lang='lat' dir='ltr'>Ohichelaius,</span> <span class='ocrx_word' id='word_1_227' title='bbox 1286 3845 1424 3902; x_wconf 58' lang='lat' dir='ltr'><strong>⁵p⁰¹¹³²¹⁰²</strong></span> 
     </span>
     <span class='ocr_line' id='line_1_31' title="bbox 179 3973 1273 4062; baseline -0.004 -24"><span class='ocrx_word' id='word_1_228' title='bbox 179 3981 181 3984; x_wconf 82' lang='grc'><strong>’</strong></span> <span class='ocrx_word' id='word_1_229' title='bbox 222 3977 317 4040; x_wconf 85' lang='lat' dir='ltr'>venia</span> <span class='ocrx_word' id='word_1_230' title='bbox 339 3997 359 4038; x_wconf 85' lang='lat' dir='ltr'>a</span> <span class='ocrx_word' id='word_1_231' title='bbox 381 3975 525 4062; x_wconf 85' lang='lat' dir='ltr'>principe</span> <span class='ocrx_word' id='word_1_232' title='bbox 558 3977 733 4058; x_wconf 87' lang='lat' dir='ltr'>impetrata</span> <span class='ocrx_word' id='word_1_233' title='bbox 756 3977 794 4040; x_wconf 92' lang='lat' dir='ltr'>ut</span> <span class='ocrx_word' id='word_1_234' title='bbox 816 3975 919 4038; x_wconf 85' lang='lat' dir='ltr'>libere</span> <span class='ocrx_word' id='word_1_235' title='bbox 941 3975 1062 4038; x_wconf 87' lang='lat' dir='ltr'>diceret</span> <span class='ocrx_word' id='word_1_236' title='bbox 1084 3973 1153 4037; x_wconf 85' lang='lat' dir='ltr'>sine</span> <span class='ocrx_word' id='word_1_237' title='bbox 1173 3973 1273 4036; x_wconf 88' lang='lat' dir='ltr'>inter-</span> 
     </span>
     <span class='ocr_line' id='line_1_32' title="bbox 221 4075 1271 4162; baseline 0 -22"><span class='ocrx_word' id='word_1_238' title='bbox 221 4075 394 4160; x_wconf 89' lang='lat' dir='ltr'>pellatione</span> <span class='ocrx_word' id='word_1_239' title='bbox 438 4077 507 4140; x_wconf 88' lang='lat' dir='ltr'>ulla</span> <span class='ocrx_word' id='word_1_240' title='bbox 540 4099 631 4162; x_wconf 51' lang='lat' dir='ltr'>quae¹</span> <span class='ocrx_word' id='word_1_241' title='bbox 654 4077 698 4140; x_wconf 88' lang='lat' dir='ltr'>ad</span> <span class='ocrx_word' id='word_1_242' title='bbox 735 4077 820 4162; x_wconf 80' lang='lat' dir='ltr'>regis</span> <span class='ocrx_word' id='word_1_243' title='bbox 852 4075 1055 4162; x_wconf 82' lang='lat' dir='ltr'>dignitatem,</span> <span class='ocrx_word' id='word_1_244' title='bbox 1086 4075 1271 4140; x_wconf 86' lang='lat' dir='ltr'>tenuiorum</span> 
     </span>
     <span class='ocr_line' id='line_1_33' title="bbox 221 4179 1271 4264; baseline 0.002 -24"><span class='ocrx_word' id='word_1_245' title='bbox 221 4179 356 4244; x_wconf 89' lang='lat' dir='ltr'>salutem</span> <span class='ocrx_word' id='word_1_246' title='bbox 380 4201 417 4244; x_wconf 90' lang='lat' dir='ltr'>ac</span> <span class='ocrx_word' id='word_1_247' title='bbox 439 4179 704 4256; x_wconf 87' lang='lat' dir='ltr'>incolumitatem,</span> <span class='ocrx_word' id='word_1_248' title='bbox 721 4179 931 4264; x_wconf 84' lang='lat' dir='ltr'>pertinerent,</span> <span class='ocrx_word' id='word_1_249' title='bbox 949 4179 1000 4244; x_wconf 88' lang='lat' dir='ltr'>ita</span> <span class='ocrx_word' id='word_1_250' title='bbox 1022 4179 1201 4244; x_wconf 89' lang='lat' dir='ltr'>orationem</span> <span class='ocrx_word' id='word_1_251' title='bbox 1221 4179 1271 4242; x_wconf 91' lang='lat' dir='ltr'>in·</span> 
     </span>
     <span class='ocr_line' id='line_1_34' title="bbox 220 4269 791 4352; baseline 0.004 -11"><span class='ocrx_word' id='word_1_252' title='bbox 220 4279 373 4344; x_wconf 87' lang='lat' dir='ltr'>stituit--</span> <span class='ocrx_word' id='word_1_253' title='bbox 415 4269 438 4330; x_wconf 67' lang='lat' dir='ltr'><strong>s</strong></span> <span class='ocrx_word' id='word_1_254' title='bbox 504 4331 507 4340; x_wconf 44' lang='lat'>2</span> <span class='ocrx_word' id='word_1_255' title='bbox 778 4329 791 4352; x_wconf 72' lang='grc'>,</span> 
     </span>
    </p>

    <p class='ocr_par' dir='ltr' id='par_1_3' title="bbox 216 4367 1436 4670">
     <span class='ocr_line' id='line_1_35' title="bbox 264 4367 1436 4485; baseline 0.002 -41"><span class='ocrx_word' id='word_1_256' title='bbox 264 4389 280 4414; x_wconf 83' lang='grc'><strong>“</strong></span> <span class='ocrx_word' id='word_1_257' title='bbox 293 4379 412 4444; x_wconf 87' lang='lat' dir='ltr'>Vetera</span> <span class='ocrx_word' id='word_1_258' title='bbox 450 4381 651 4446; x_wconf 88' lang='lat' dir='ltr'>eruditorum</span> <span class='ocrx_word' id='word_1_259' title='bbox 690 4386 908 4458; x_wconf 87' lang='lat' dir='ltr'>monumenta,</span> <span class='ocrx_word' id='word_1_260' title='bbox 948 4381 1005 4466; x_wconf 90' lang='lat' dir='ltr'>qui</span> <span class='ocrx_word' id='word_1_261' title='bbox 1050 4381 1150 4446; x_wconf 89' lang='lat' dir='ltr'>avitis</span> <span class='ocrx_word' id='word_1_262' title='bbox 1186 4367 1436 4485; x_wconf 52' lang='lat' dir='ltr'>tem-ffil&#39;ffh</span> 
     </span>
     <span class='ocr_line' id='line_1_36' title="bbox 218 4453 1370 4568; baseline 0.006 -24"><span class='ocrx_word' id='word_1_263' title='bbox 218 4481 347 4564; x_wconf 88' lang='lat' dir='ltr'>poribus</span> <span class='ocrx_word' id='word_1_264' title='bbox 379 4505 430 4546; x_wconf 91' lang='lat' dir='ltr'>res</span> <span class='ocrx_word' id='word_1_265' title='bbox 455 4487 571 4568; x_wconf 60' lang='lat' dir='ltr'>,gestas</span> <span class='ocrx_word' id='word_1_266' title='bbox 604 4483 774 4548; x_wconf 89' lang='lat' dir='ltr'>literarum</span> <span class='ocrx_word' id='word_1_267' title='bbox 807 4483 1028 4547; x_wconf 90' lang='lat' dir='ltr'>monumentis</span> <span class='ocrx_word' id='word_1_268' title='bbox 1060 4484 1264 4562; x_wconf 87' lang='lat' dir='ltr'>mandarunt,</span> <span class='ocrx_word' id='word_1_269' title='bbox 1277 4453 1370 4566; x_wconf 57' lang='lat' dir='ltr'>bisholi</span> 
     </span>
     <span class='ocr_line' id='line_1_37' title="bbox 216 4567 1416 4670; baseline 0.003 -25"><span class='ocrx_word' id='word_1_270' title='bbox 216 4583 369 4666; x_wconf 85' lang='lat' dir='ltr'>memoria</span> <span class='ocrx_word' id='word_1_271' title='bbox 390 4583 474 4648; x_wconf 87' lang='lat' dir='ltr'>mibi</span> <span class='ocrx_word' id='word_1_272' title='bbox 498 4585 665 4668; x_wconf 87' lang='lat' dir='ltr'>repetenti</span> <span class='ocrx_word' id='word_1_273' title='bbox 682 4585 787 4648; x_wconf 90' lang='lat' dir='ltr'>multa</span> <span class='ocrx_word' id='word_1_274' title='bbox 817 4589 995 4660; x_wconf 77' lang='lat' dir='ltr'>occurrrmt,</span> <span class='ocrx_word' id='word_1_275' title='bbox 1022 4607 1096 4669; x_wconf 87' lang='lat' dir='ltr'>quae</span> <span class='ocrx_word' id='word_1_276' title='bbox 1121 4585 1158 4648; x_wconf 89' lang='lat' dir='ltr'>in</span> <span class='ocrx_word' id='word_1_277' title='bbox 1183 4586 1265 4670; x_wconf 90' lang='lat' dir='ltr'>opti·</span> <span class='ocrx_word' id='word_1_278' title='bbox 1278 4567 1416 4634; x_wconf 74' lang='lat' dir='ltr'>chicnerey</span> 
     </span>
    </p>
   </div>
   <div class='ocr_carea' id='block_1_3' title="bbox 216 4635 1502 4770">
    <p class='ocr_par' dir='ltr' id='par_1_4' title="bbox 216 4635 1502 4770">
     <span class='ocr_line' id='line_1_38' title="bbox 216 4635 1502 4770; baseline 0.004 -24"><span class='ocrx_word' id='word_1_279' title='bbox 216 4701 301 4748; x_wconf 87' lang='lat' dir='ltr'>mam</span> <span class='ocrx_word' id='word_1_280' title='bbox 342 4705 431 4770; x_wconf 89' lang='lat' dir='ltr'>spem</span> <span class='ocrx_word' id='word_1_281' title='bbox 471 4681 669 4750; x_wconf 84' lang='lat' dir='ltr'>adducerent</span> <span class='ocrx_word' id='word_1_282' title='bbox 686 4761 687 4764; x_wconf 8' lang='grc' dir='ltr'><strong>Ἴ</strong></span> <span class='ocrx_word' id='word_1_283' title='bbox 703 4691 741 4750; x_wconf 91' lang='lat' dir='ltr'>et</span> <span class='ocrx_word' id='word_1_284' title='bbox 770 4685 980 4750; x_wconf 57' lang='lat' dir='ltr'>‘diffidentem</span> <span class='ocrx_word' id='word_1_285' title='bbox 1016 4685 1112 4750; x_wconf 84' lang='lat' dir='ltr'>facile</span> <span class='ocrx_word' id='word_1_286' title='bbox 1152 4635 1427 4753; x_wconf 49' lang='lat' dir='ltr'>confir-ilidbavtd·lg</span> <span class='ocrx_word' id='word_1_287' title='bbox 1494 4654 1502 4666; x_wconf 24' lang='grc' dir='ltr'><strong><em>ὅ</em></strong></span> 
     </span>
    </p>
   </div>
   <div class='ocr_carea' id='block_1_4' title="bbox 0 0 1704 5709">
    <p class='ocr_par' dir='ltr' id='par_1_5' title="bbox 0 0 1704 5709">
     <span class='ocr_line' id='line_1_39' title="bbox 0 0 1704 5709; baseline 0 6"><span class='ocrx_word' id='word_1_288' title='bbox 0 0 1704 5709; x_wconf 95' lang='lat' dir='ltr'> </span> 
     </span>
    </p>
   </div>
  </div>
 </body>
</html>
