3400 5709
578 935 579 938 ,
639 897 784 948 usuardi
807 883 862 949 vn.
1087 969 1095 980 ⁹
1225 885 1265 946 21

240 1091 319 1156 quos
363 1067 656 1152 conjunctissimos
683 1067 718 1130 in
765 1065 835 1130 vita
882 1070 1048 1130 manentes
1081 1064 1270 1130 babucumt.
1284 1085 1351 1140 al).
1365 1089 1436 1142 1417.

237 1171 352 1256 Neque
370 1189 453 1246 vere,
469 1167 659 1232 nobilissimi
678 1187 828 1250 proceres,
849 1167 992 1252 pericula
1010 1187 1082 1252 quae
1102 1165 1271 1230 denuntia-

235 1277 347 1338 rentur
390 1275 424 1334 et
467 1269 624 1334 cruciatus
668 1269 890 1354 impendentes
929 1291 982 1334 me
1020 1289 1161 1352 unquam
1199 1272 1268 1331 tam

132 1441 133 1444 ,
234 1377 409 1448 moverunt,
450 1393 546 1456 quam
580 1371 616 1434 id
649 1371 889 1456 perturbaverit
920 1371 1006 1455 quod
1041 1369 1085 1434 ab
1119 1369 1266 1434 omnibus

163 1499 164 1502 ¹
232 1475 395 1550 diceretur,
421 1493 528 1558 regem
552 1493 719 1550 summum,
743 1471 823 1536 mihi
844 1473 1005 1556 quondam
1029 1471 1262 1546 amicissimum,

229 1577 307 1642 meis
344 1575 480 1640 fortunis
517 1577 551 1640 et
581 1575 684 1640 saluti
723 1573 965 1640 infestissimum
1008 1575 1178 1654 extitisse;
1224 1577 1263 1639 ut

228 1677 355 1766 penitus
388 1675 520 1742 devita
546 1681 580 1740 et
605 1675 824 1740 incolumitate
855 1681 938 1740 esset
967 1677 1206 1760 desperandum,
1233 1676 1262 1740 si

227 1781 269 1844 ad
297 1777 454 1842 saniorem
483 1781 624 1842 mentem
650 1777 821 1842 rediissem.
866 1775 982 1862 Neque
1011 1783 1120 1842 tamen
1149 1778 1179 1842 is
1203 1799 1262 1842 un-

197 1943 198 1946 ,
225 1901 321 1966 quam
343 1879 406 1944 fuit
430 1877 620 1956 Oobbamus,
637 1881 693 1966 qui
715 1901 807 1964 aequo
830 1879 938 1942 animo
955 1883 1092 1944 mortem
1112 1885 1262 1964 oppetere

222 1985 382 2046 recusaret
417 1981 525 2066 potius
560 2003 657 2066 quam
698 1981 850 2046 inanitati
887 1980 1074 2066 opinionum
1113 1981 1262 2066 religioni

224 2087 257 2148 et
293 2081 425 2144 veritati
461 2083 712 2168 repugnantium
746 2078 925 2146 ascriberet.
979 2081 1089 2146 Multa
1117 2083 1199 2146 dura
1228 2089 1262 2148 et

214 2183 335 2248 'acerba
363 2183 445 2246 mihi
474 2185 515 2248 ob
546 2185 651 2248 oculos
680 2185 715 2246 in
741 2183 840 2248 exilio
863 2207 935 2248 meo
959 2184 1178 2260 versabantur,
1203 2207 1262 2250 nce

221 2285 255 2348 in
285 2289 379 2348 tanta
407 2285 581 2350 acerbitate
612 2285 740 2372 qualem
780 2287 848 2372 ipse
888 2309 1054 2372 perpessam
1088 2309 1160 2351 sum
1191 2288 1263 2352 vita

221 2385 284 2452 fuit
306 2387 483 2452 retinenda.

267 2495 283 2522 “
294 2489 328 2552 N
330 2511 372 2552 on
396 2511 482 2554 eram
508 2495 578 2554 tam
600 2489 696 2566 rudis
720 2495 790 2552 tam
813 2491 946 2576 ignauis
967 2513 1083 2566 rerum,
1111 2495 1170 2554 aut
1192 2495 1263 2554 tam

220 2611 333 2676 expers
370 2591 494 2654 consilii
531 2597 565 2656 et
602 2591 730 2678 ingenii,
764 2597 802 2654 ut
832 2591 987 2680 nescirem
1021 2591 1101 2654 vitae
1135 2615 1263 2656 cursum

219 2693 349 2756 brevem
380 2693 554 2758 admodum
585 2713 660 2756 esse.
723 2691 805 2756 Cum
837 2699 921 2756 esset
951 2693 1099 2756 omnibus
1129 2693 1264 2758 definita

218 2815 309 2870 mors,
348 2795 523 2878 optandum
569 2795 685 2878 putavi
717 2813 814 2876 quam
850 2795 963 2858 multis
993 2795 1143 2878 prodesse
1185 2795 1263 2858 dum

217 2915 346 2980 corpore
367 2901 400 2960 et
420 2897 538 2980 spiritu
560 2895 631 2958 vita
651 2895 878 2960 contineretur.
924 2893 1040 2978 Neque
1059 2916 1204 2978 unquam
1225 2917 1263 2960 eo

218 2997 323 3060 animo
360 2995 416 3074 fui,
456 3001 495 3060 ut
531 2997 611 3060 vitae
648 2995 846 3060 suavitatem
881 2995 1003 3060 divinae
1038 2995 1151 3080 gloriae
1182 3017 1265 3080 prae·

218 3119 373 3184 ponerem.
421 3097 487 3164 Hic
508 3101 611 3162 restat
634 3102 724 3163 actus
744 3099 779 3160 in
802 3119 867 3182 quo
890 3097 1121 3162 elaborandum
1143 3103 1201 3174 est,
1222 3119 1265 3162 ne

217 3199 307 3284 impii
323 3197 484 3276 homines
504 3199 560 3284 qui
583 3219 643 3262 nec
668 3221 708 3262 ex
733 3221 841 3262 rerum
864 3199 1060 3284 optimarum
1082 3199 1264 3284 cognitione

218 3323 359 3384 unquam
384 3301 507 3384 aliquid
531 3305 748 3384 percepeumt,
774 3301 841 3364 suis
864 3299 995 3386 ineptiis
1017 3323 1055 3362 ac
1078 3299 1266 3384 opinionum

218 3391 405 3464 commentis
437 3401 603 3486 scripturae
636 3401 810 3466 veritatem
845 3401 1039 3481 obscurent3
1073 3401 1160 3484 quod
1192 3423 1267 3464 cum

218 3503 312 3566 multi
344 3525 361 3566 e
392 3501 598 3588 pontificibus
627 3507 733 3566 essent
770 3503 922 3588 aggressi,
952 3503 1004 3566 his
1036 3524 1090 3566 me
1122 3503 1265 3586 opposui,

219 3625 352 3686 quorum
382 3604 471 3668 falsis
501 3603 688 3686 criminibus
715 3601 867 3666 effectum
894 3607 944 3666 est
974 3605 1073 3666 utin
1100 3603 1160 3665 has
1183 3604 1267 3666 cala-

216 3707 345 3772 mitates
375 3705 569 3782 inciderem;
607 3709 640 3768 et
668 3703 830 3768 Hernicus
860 3725 929 3781 rex,
957 3705 1013 3788 qui
1043 3725 1064 3766 a
1094 3725 1147 3766 me
1175 3703 1267 3766 nullo

216 3827 286 3872 meo
315 3809 432 3872 merito
465 3807 589 3872 alienus
626 3827 693 3870 esse
729 3805 878 3882 debebat,
917 3805 1156 3868 inimicissimam
1185 3827 1267 3869 meae

215 3911 321 3974 saluti
346 3907 531 3986 efficeretur.
579 3909 616 3974 Si
653 3909 733 3992 quid
764 3907 980 3972 commiserim
1013 3907 1101 3992 quod
1122 3905 1178 3970 vel
1206 3907 1267 3968 im-

213 4009 302 4092 pium
336 4011 372 4074 in
409 4033 520 4096 regem
554 4009 719 4096 judicetur
755 4009 809 4074 vel
843 4011 881 4072 in
916 4009 1058 4094 patriam
1094 4007 1263 4086 nefarium,

213 4111 303 4196 cujus
333 4133 423 4176 amor
453 4133 505 4176 me
537 4111 682 4188 delectet,
714 4111 836 4176 nullius
875 4111 1025 4196 supplicii
1054 4111 1265 4174 acerbitatem

211 4231 328 4278 recuso.
374 4211 479 4298 Atqui
517 4213 613 4278 modo
649 4211 869 4276 adhibeantur
900 4212 1034 4298 judices
1074 4213 1137 4298 qui,
1177 4211 1268 4278 nulla

207 4311 385 4394 jactatione
416 4315 519 4376 animi
548 4313 651 4378 nimia
673 4315 834 4390 commoti,
864 4317 1039 4400 quiequam
1064 4315 1270 4400 praejudicati

211 4415 354 4478 afferant.
402 4415 439 4480 si
461 4421 557 4480 tanta
579 4439 689 4480 rerum
713 4403 901 4480 diuinarum
923 4417 1085 4502 ignoratio
1108 4417 1144 4478 in
1167 4439 1270 4482 sacer-

211 4511 340 4580 dotibus
369 4539 436 4580 non
466 4517 563 4582 modo
589 4517 690 4580 fuerit
718 4517 891 4606 impunita,
924 4517 982 4582 sed
1010 4541 1032 4580 a
1060 4518 1155 4582 vobis
1187 4541 1271 4604 prae·

211 4615 418 4682 strictissimis
444 4617 531 4694 viris
566 4639 705 4702 quorum
736 4619 881 4682 humeris
906 4619 1060 4682 universa
1089 4620 1271 4705 respublica
