3400 5709
463 853 505 920 36
699 915 700 918 ,
797 863 979 917 1111111111
1000 836 1161 918 nrs'ronm

298 1047 365 1098 Al).
380 1051 450 1100 141⁵.
461 1039 631 1116 clementia
660 1039 695 1104 in
725 1061 832 1106 onmes
858 1041 964 1118 fuerit,
994 1045 1116 1104 temere
1140 1037 1286 1124 protinus
1308 1037 1496 1104 miscrorum
1573 1026 1575 1029 ⁵

462 1143 630 1206 hominum
660 1143 788 1228 sanguis
810 1143 1000 1206 mmstitiam
1025 1139 1246 1206 incredibilem
1271 1139 1379 1204 animo
1410 1139 1496 1204 illius

462 1265 586 1328 semper
605 1243 724 1308 intulit
762 1245 813 1308 De
834 1245 971 1308 victoria
989 1265 1057 1305 non
1076 1247 1126 1307 est
1145 1241 1383 1328 desperandum.
1420 1241 1498 1305 Non

462 1345 601 1408 minores
625 1349 700 1406 sunt
728 1343 839 1406 Galliae
870 1363 968 1426 quam
996 1349 1064 1406 tuae
1092 1345 1232 1408 nationis
1263 1343 1441 1418 facultates,
1471 1343 1500 1406 si

462 1465 569 1508 rerum
591 1445 734 1526 ipsarum
759 1443 923 1508 contentio
949 1447 983 1506 et
1006 1445 1202 1528 comparatio
1220 1445 1287 1508 fiat.
1334 1443 1386 1508 Ne
1409 1443 1499 1506 inani

462 1543 633 1606 verborum
657 1543 793 1628 strepitu
823 1536 1013 1608 ames'tuas
1040 1544 1208 1620 offendam,
1226 1545 1328 1608 'liceat
1351 1545 1499 1628 precibus

462 1647 712 1728 extorquerent
740 1643 894 1730 rescripta
922 1649 981 1708 tua
1008 1643 1103 1707 nobis
1132 1645 1311 1722 tradantur,
1341 1645 1389 1708 ad·
1413 1645 1501 1730 prin·

462 1743 565 1826 cipem
588 1749 733 1808 nostrum
757 1745 950 1824 deferenda3
980 1765 1064 1808 neve
1092 1745 1160 1808 ulla
1179 1745 1274 1808 nobis
1294 1745 1500 1832 peregrinari*

462 1843 557 1920 tibus,
586 1845 664 1908 dum
693 1845 729 1908 in
753 1851 811 1910 tuo
838 1846 1007 1910 dominatu
1032 1869 1069 1910 ac
1093 1867 1193 1931 regno
1217 1847 1428 1921 consistimus,
1451 1847 1500 1910 in-

457 1945 546 2030 juria
567 1943 653 2010 fiat.”

506 2045 569 2112 His
591 2047 752 2124 concessis,
775 2047 896 2132 linguae
919 2047 1135 2132 petulantiam
1159 2069 1196 2112 ac
1217 2047 1357 2112 hominis
1383 2047 1502 2132 perditi

460 2147 601 2210 furorem
616 2149 774 2234 patientia
788 2171 846 2212 sua
861 2147 1025 2212 Henricus
1045 2148 1164 2234 fregit;
1186 2154 1220 2212 et
1239 2149 1388 2232 quamvis
1407 2147 1502 2212 liber-

402 2275 406 2284 ’
460 2253 529 2312 tate
557 2249 709 2322 sermonis
739 2249 902 2312 hominem
930 2271 998 2312 non
1027 2249 1226 2332 perstrinxit,
1254 2249 1364 2314 docuit
1392 2255 1503 2312 tamen

460 2369 558 2432 quam
594 2349 677 2410 nihil
709 2349 795 2412 illius
831 2351 976 2414 oratione
1016 2355 1296 2430 commoveretur3
1333 2351 1391 2434 qui
1431 2373 1503 2414 cum

350 2465 354 2488 ⁹
459 2451 622 2534 paulisper
643 2451 805 2526 tacuisset,
829 2451 875 2516 sic
896 2473 970 2516 cum
991 2451 1109 2536 legatis
1131 2453 1243 2537 egit—
1264 2475 1267 2479 ²

293 2561 430 2644 TpeKing
508 2559 525 2586 ‘⁶
538 2551 695 2626 Stultitia
718 2573 798 2616 meae
820 2555 921 2616 testes
942 2551 1133 2636 colligerem,
1151 2553 1179 2616 si
1192 2553 1331 2616 fortunae
1345 2553 1505 2636 praesidiis

293 2645 392 2696 ramus.
461 2653 598 2720 confisus
619 2675 657 2718 ea
677 2653 875 2738 aggrederer,
892 2675 965 2736 quae
987 2653 1057 2716 sine
1073 2655 1229 2738 singulari
1237 2650 1376 2718 ‘consilio
1390 2657 1424 2718 et
1439 2655 1506 2718 alta

460 2759 569 2820 mente
597 2755 639 2818 ad
672 2755 797 2818 exitum
830 2755 956 2819 felicem
978 2777 1148 2838 nunquam
1171 2755 1383 2838 perducerem.
1429 2753 1506 2818 Non
1605 2779 1610 2811 ι

459 2855 550 2918 inani
574 2855 751 2940 cupiditate
781 2879 890 2918 rerum
920 2861 1104 2918 vestrarum
1134 2855 1255 2931 efferor,
1287 2877 1346 2918 nec
1375 2877 1507 2940 prosper
1575 2852 1577 2855 ’

459 2957 599 3020 fortunae
614 2955 711 3020 flatus
726 2977 776 3020 me
791 2957 984 3020 insolentem
999 2957 1114 3020 effecit
1159 2955 1237 3020 Non
1251 2977 1324 3020 sum
1337 2955 1387 3020 ita
1399 2955 1505 3036 hebes,

459 3063 499 3122 ut
532 3059 679 3144 ignorem
711 3059 793 3120 nihil
828 3057 959 3142 egregia
996 3057 1094 3120 laude
1124 3057 1259 3144 dignum
1296 3057 1366 3122 sine
1395 3055 1508 3122 afflatu

460 3159 574 3222 divino
588 3179 731 3242 unquam
753 3159 911 3224 accidisse.
958 3157 1084 3242 Regem
1104 3179 1172 3222 non
1192 3159 1318 3222 faciunt
1335 3179 1419 3242 spec,
1442 3179 1509 3220 non

459 3259 561 3324 vestis
583 3257 691 3342 Tyriae
722 3259 814 3335 color,
845 3281 913 3322 non
946 3257 1065 3320 frontis
1094 3262 1174 3321 nota
1197 3259 1304 3344 regiae,
1334 3281 1402 3322 non
1431 3281 1508 3322 auro

417 3403 418 3406 κ
460 3359 576 3424 nitidae
606 3359 733 3422 trabes:
766 3381 839 3422 rex¹
857 3363 907 3422 est
939 3359 996 3442 qui
1018 3359 1128 3442 posuit
1150 3364 1256 3422 metus
1282 3363 1316 3422 et
1338 3359 1403 3422 diri
1423 3359 1510 3422 mala

350 3479 351 3482 ’
448 3461 608 3548 pectoris,
637 3481 733 3542 quem
762 3481 829 3524 non
858 3459 995 3522 ambitio
1020 3465 1055 3522 et
1080 3481 1247 3542 nunquam
1269 3459 1397 3524 stabilis
1417 3459 1513 3530 favor,

461 3563 554 3648 vulgi
573 3563 748 3648 praecipitis
768 3563 881 3626 movit.
921 3561 1085 3626 Desinant
1103 3561 1222 3626 idcirco
1238 3562 1385 3626 homines
1404 3550 1510 3646 ignari

461 3671 495 3728 et
509 3665 605 3728 rudes
620 3665 674 3728 vel
693 3665 808 3748 populi
819 3663 1082 3728 benevolentiam
1102 3665 1244 3728 criminis
1263 3665 1334 3728 loco
1352 3664 1436 3726 mihi
1455 3663 1510 3728 ob

455 3767 644 3848 pociacus
666 3765 805 3830 fortunae
828 3767 978 3842 ludibria,
999 3767 1067 3830 acsi
1087 3767 1238 3830 insanum
1261 3770 1296 3830 et
1317 3765 1511 3830 conditionis

459 3887 542 3932 meae
562 3871 739 3952 ,statisque
765 3867 917 3950 ignarum
945 3867 1127 3943 redderent,
1158 3887 1342 3950 proponere.
1398 3865 1512 3930 Multi-

387 4019 390 4026 .
459 3969 584 4032 tudinis
611 3967 802 4032 charitatem
832 3972 926 4052 grato
957 3967 1076 4046 animo,
1107 3971 1142 4030 et
1163 3967 1295 4050 pietatis
1317 3965 1422 4050 pleno,
1445 3989 1512 4028 am·

459 4067 589 4152 plector.
645 4067 723 4130 Non
752 4067 956 4156 committam
986 4089 1025 4130 ea
1054 4067 1375 4150 quae'multitudinis
1401 4067 1512 4130 odium

460 4169 504 4232 ad
524 4171 648 4250 pestem
675 4173 709 4230 ct
738 4167 911 4232 interitum
933 4169 1028 4252 regni
1049 4167 1221 4246 concitent,
1244 4191 1304 4232 nec
1327 4169 1377 4232 ita
1401 4191 1454 4232 mc
1478 4169 1514 4232 in

459 4267 685 4352 procuratione
711 4289 821 4352 geram
847 4273 887 4330 nt
912 4272 1040 4330 metum
1065 4267 1205 4332 subditis
1230 4269 1411 4334 dominatio
1441 4289 1513 4334 mea

459 4367 592 4454 injiciat.
639 4367 747 4430 Malus
777 4373 827 4430 est
857 4372 965 4432 custos
996 4367 1223 4432 diuturnitatis
1253 4374 1379 4446 metus3
1416 4391 1513 4454 quem

459 4473 612 4534 metuunt
636 4469 781 4548 oderunt,
804 4474 838 4534 et
861 4491 958 4555 quern
981 4469 1117 4554 quisquc
1138 4469 1209 4534 odit
1226 4471 1359 4556 periisse
1380 4469 1515 4556 expetit.

459 4571 497 4638 Si
519 4571 556 4634 in
578 4571 735 4636 alterutro
757 4571 957 4656 peccandum
983 4571 1036 4648 sit,
1059 4573 1148 4636 malo
1169 4571 1275 4636 rideri
1297 4571 1515 4656 intemperata

459 4673 600 4758 quadam
633 4671 863 4738 benevolentia
891 4673 1041 4738 subditos
1070 4694 1159 4738 meos
1200 4673 1309 4758 potius
1346 4671 1515 4758 complecti
