3400 5709
450 903 492 968 54
783 906 963 968 annuannr
985 914 1145 970 nrsronnr

286 1097 436 1166 ciffi-1418·
450 1097 572 1172 narent,
603 1093 642 1158 de
678 1091 788 1158 eadem
824 1091 878 1160 eos
915 1091 1058 1178 dejicere.
1125 1091 1335 1158 Umfrevillus
1372 1094 1481 1160 Gallos

451 1199 569 1274 evocat,
595 1217 673 1282 quos
698 1193 736 1262 de
758 1195 978 1262 incolumitate
1000 1217 1059 1262 sua
1080 1195 1229 1262 certiores
1250 1197 1364 1262 reddit.

286 1317 422 1372 ’111111111-
496 1297 591 1364 Unus
625 1321 667 1364 ex
702 1295 847 1364 omnibus
883 1320 963 1384 quos
998 1299 1084 1364 Galli
1117 1300 1240 1388 legatos
1275 1300 1483 1387 designarunt

285 1387 405 1506 {mn
452 1401 589 1488 eligitur,
620 1401 675 1486 qui
712 1421 838 1466 causam
873 1421 1073 1466 communem
1110 1403 1254 1466 omnium
1284 1408 1418 1488 ageret:
1456 1403 1484 1466 is

288 1523 405 1574 advocare
452 1503 600 1568 libertate
629 1503 782 1568 sermonis
811 1507 932 1568 temere
960 1503 1121 1580 utebatur,
1144 1507 1178 1568 et
1205 1505 1292 1590 quod
1317 1505 1486 1568 obscurum

287 1655 431 1706 metretae
453 1625 518 1670 esse
548 1625 613 1668 non
641 1605 748 1690 potuit
781 1601 969 1690 explicabat.
1029 1602 1072 1668 In
1095 1603 1179 1690 juris
1212 1605 1319 1670 studio
1347 1607 1487 1670 multum

286 1721 370 1772 before
380 1721 422 1774 the
451 1707 634 1792 profecerat,
678 1707 733 1772 sed
770 1705 885 1784 secum,
922 1727 987 1772 non
1024 1727 1097 1772 cum
1130 1707 1202 1771 aliis
1237 1709 1333 1792 loqui,
1365 1707 1487 1772 didicit

285 1787 364 1854 King.
452 1807 630 1894 Postquam
648 1809 691 1874 ad
712 1807 905 1896 colloquium
918 1811 1054 1874 ventum
1068 1813 1160 1886 esset,
1176 1809 1225 1874 ita
1242 1831 1373 1874 exorsus
1395 1816 1489 1875 est-

286 1933 385 1988 Hisim-
498 1919 514 1946 “
531 1909 650 1998 Magna
681 1913 853 1976 admiratio
883 1935 936 1976 me
965 1917 1063 1990 tenet,
1103 1912 1249 1998 princeps
1282 1913 1488 1990 nobilissime,

284 2005 390 2122 gfff
451 2015 530 2102 quid
561 2015 597 2078 in
628 2021 769 2080 mentem
802 2015 865 2080 tibi
894 2015 1028 2092 venerit,
1059 2018 1119 2078 aut
1143 2036 1297 2100 quaeres
1326 2015 1491 2100 impulerit

297 2087 313 2136 p
375 2109 381 2122 ’
452 2117 667 2204 Rotomagum
706 2137 899 2204 oppugnare,
934 2117 1018 2184 ferro
1052 2141 1090 2182 ac
1121 2117 1205 2182 bello
1233 2119 1393 2182 lacessere.
1455 2117 1492 2182 Si

451 2219 602 2304 injuriam
639 2219 706 2284 tuis
743 2218 882 2282 subditis
918 2220 1021 2284 nostri
1059 2219 1144 2284 cives
1179 2219 1371 2296 intulissent,
1401 2219 1493 2304 justa

255 2391 260 2400 ,
319 2387 321 2390 ,
346 2315 347 2318 “
452 2341 547 2386 causa
584 2321 697 2384 fuisset
735 2321 844 2384 oblata
877 2343 919 2384 ne
952 2321 1090 2384 multam
1119 2343 1191 2384 earn
1221 2321 1401 2406 patereris3
1438 2321 1494 2384 scd

452 2445 524 2488 cunr
557 2421 593 2486 in
621 2421 710 2486 omni
739 2423 811 2488 vita
840 2423 923 2486 nihil
951 2423 1040 2486 aliud
1069 2428 1189 2487 nostrae
1218 2423 1363 2486 civitatis
1391 2423 1495 2486 horni-

451 2525 547 2590 nibus
588 2523 686 2590 fuerit
722 2525 924 2612 propositum
957 2546 1055 2611 quam
1092 2529 1204 2611 pacate
1242 2525 1277 2588 in
1316 2523 1383 2589 ctio
1422 2547 1496 2588 cum

452 2627 613 2714 dignitate
642 2627 874 2714 rempublicam
903 2627 1136 2708 administrare,
1167 2627 1232 2692 nisi
1260 2625 1357 2691 valde
1386 2647 1497 2691 excors

451 2751 535 2796 esses
564 2735 598 2794 et
624 2753 742 2808 amens,
770 2751 807 2794 ac
834 2751 961 2796 omnem
982 2722 1220 2794 humanitatem
1242 2729 1393 2810 exuisses,
1416 2751 1498 2794 nun·

451 2855 549 2918 quam
579 2837 691 2896 contra
721 2833 896 2918 Rotomagi
926 2832 1012 2896 cives
1041 2855 1132 2896 arma
1161 2832 1344 2918 susciperes,
1392 2831 1499 2896 Multa

451 2939 527 2998 sunt
549 2939 607 2998 tua
629 2933 664 2996 in
686 2939 813 2998 nostros
835 2933 921 2998 cives
945 2933 1069 3010 scelera,
1098 2939 1133 2998 et
1159 2938 1277 2998 extant
1297 2927 1498 2998 crudelitatis

450 3057 601 3122 expressa
622 3035 769 3122 vestigia.
816 3035 941 3100 Siccine
961 3057 1022 3122 par
1043 3040 1094 3098 est
1116 3057 1190 3100 cum
1216 3035 1337 3098 infimis
1361 3035 1499 3098 homini-
1604 3070 1610 3095 ι

449 3137 519 3216 bus,
550 3137 598 3202 rei
627 3137 796 3200 familiaris
821 3137 1040 3222 implicatione
1063 3141 1097 3200 et
1125 3159 1239 3223 rerurn
1254 3137 1298 3200 ad
1321 3137 1401 3200 vitae
1423 3157 1500 3200 usus

449 3237 698 3302 necessariarum
733 3238 886 3324 angustia
921 3239 1088 3324 oppressis,
1118 3239 1237 3324 agere?
1278 3237 1340 3302 Est
1377 3242 1500 3302 certum

449 3339 698 3404 inhumanitatis
743 3345 982 3426 argumentum,
1020 3337 1132 3404 aditus
1176 3339 1397 3418 intercludere,
1429 3341 1500 3404 vias

449 3443 584 3522 munire,
609 3447 643 3508 et
669 3443 805 3506 armatis
837 3441 998 3506 militibus
1028 3443 1138 3506 omnia
1161 3442 1316 3520 obsidere,
1344 3465 1385 3506 nc
1416 3443 1503 3528 quod

449 3549 561 3632 pateat
591 3545 653 3610 iter
682 3545 718 3608 in
748 3567 813 3630 quo
850 3545 920 3610 sine
953 3545 1138 3610 discrimine
1170 3569 1209 3610 ac
1245 3545 1325 3610 vitae
1362 3545 1502 3632 periculo

448 3647 610 3712 insistant.
650 3645 787 3712 Fateare
804 3669 870 3712 una
886 3669 1022 3724 mecum,
1039 3653 1074 3710 tc
1088 3647 1238 3734 ignorare
1252 3645 1332 3731 quid
1346 3647 1503 3710 victorem
1601 3678 1605 3685 ¹

450 3749 569 3814 deccat.
614 3749 647 3814 A
675 3749 839 3836 dignitate
869 3749 956 3836 regis
985 3749 1127 3812 multum
1164 3749 1325 3824 abhorret,
1355 3749 1503 3813 homines

450 3855 607 3938 egestate
625 3855 659 3916 ct
689 3851 806 3918 scelere
837 3851 983 3938 perditos
1008 3851 1052 3914 ad
1080 3857 1220 3916 mortem
1251 3851 1391 3916 mittere.
1452 3851 1531 3914 Da.

448 3953 657 4032 humanitati,
697 3953 788 4040 cujus
827 3959 938 4035 vestra
974 3953 1067 4018 natio
1107 3953 1345 4018 studiosissima
1377 3953 1505 4032 dicitur,

450 4055 536 4142 quod
562 4055 661 4120 ‘nobis
691 4055 935 4140 postulantibus
963 4055 1130 4138 hucusque
1155 4054 1332 4140 denegasti.
1377 4053 1509 4118 Exeant

449 4157 518 4222 sine
544 4161 638 4220 metu
670 4157 781 4220 miseri
813 4161 848 4220 ct
870 4177 1028 4242 pauperes
1053 4156 1244 4221 homunculi
1269 4178 1351 4240 quos
1374 4157 1510 4222 civitate
1567 4149 1571 4154 ⁸

450 4257 621 4344 ejecirnus3
653 4277 744 4336 neue,
768 4257 919 4342 princeps
942 4257 1151 4336 nobilissime,
1174 4279 1321 4344 unquam
1342 4259 1379 4322 in
1404 4258 1511 4322 Gallia
1604 4252 1610 4280 ³

449 4359 643 4436 committas,
660 4357 754 4444 'quod
774 4349 828 4424 vel
847 4359 1019 4424 infamiam
1044 4359 1110 4424 tibi
1129 4361 1248 4424 conflet
1269 4364 1330 4424 aut
1351 4360 1512 4444 majorum

447 4467 582 4528 tuorum
611 4461 820 4526 nobilitatem
843 4461 1001 4528 obscuret
1048 4461 1138 4528 Mihi
1159 4458 1261 4540 crede,
1276 4475 1345 4528 non
1367 4468 1418 4526 est
1447 4463 1514 4528 vica

447 4565 568 4632 toriarn
591 4569 774 4650 temperare
797 4565 832 4628 in
866 4565 1003 4630 miseros
1024 4565 1174 4630 homines
1197 4565 1320 4630 saevire.
1368 4563 1444 4628 Hoc
1466 4569 1515 4630 est

447 4689 524 4734 vere
539 4667 679 4748 uincere,
693 4665 841 4754 jacentes
863 4667 1028 4744 extollere,
1044 4667 1188 4734 inimicis
1208 4667 1382 4754 ignoscere,
1404 4685 1515 4731 eorum
