3400 5709
320 905 322 910 ·
387 885 427 946 14
522 873 524 878 ’
722 897 904 948 1111111111
926 899 1085 948 nrsrosn

219 1089 461 1142 anisianum
491 1067 556 1136 non
585 1073 758 1158 proborum
782 1067 964 1138 commenta
988 1072 1140 1149 delerent,
1165 1077 1225 1136 aut
1248 1071 1421 1158 rempubli-
1528 1130 1530 1135 .
1584 1076 1586 1079 ’

383 1195 452 1238 cam
473 1175 674 1260 perditorum
696 1175 796 1240 scelus
819 1180 986 1238 everteret
1069 1221 1072 1225 ›

428 1283 446 1310 “
467 1275 572 1342 Electi
594 1281 671 1342 sunt
693 1275 887 1340 sanctissimi
908 1275 1096 1351 sacerdotes,
1119 1297 1200 1360 quos
1230 1275 1309 1340 vitae
1329 1275 1421 1340 inno

381 1379 495 1456 centia,
512 1383 545 1442 et
567 1401 693 1444 morum
714 1379 893 1460 integritas
916 1377 1161 1442 commendavit.
1206 1377 1284 1442 Non
1305 1379 1422 1442 desunt

372 1479 444 1542 viri
462 1479 645 1564 prudentes,
670 1477 726 1560 qui
747 1475 821 1540 lites
844 1475 999 1540 dirimant
1018 1483 1053 1542 et
1074 1480 1281 1542 controversa
1301 1477 1423 1540 civium

375 1579 451 1664 jura
481 1579 667 1664 disceptent,
699 1599 739 1646 ne
769 1577 848 1662 quid
883 1577 920 1640 in
948 1582 1060 1642 nostra
1086 1577 1256 1664 republica
1283 1579 1424 1664 turpiter
1545 1600 1548 1607 ’

380 1675 631 1744 administretur.
685 1677 911 1744 Sacerdotibus
933 1685 968 1742 et
988 1679 1082 1744 verbi
1102 1679 1260 1744 ministris
1282 1701 1341 1764 pro
1363 1680 1424 1744 imu

379 1781 467 1866 perio
493 1781 703 1868 praecipimus,
727 1801 767 1844 ne
789 1801 933 1866 unquam
959 1779 1062 1846 officio
1080 1787 1216 1856 vacent3
1240 1781 1298 1844 sed
1319 1781 1424 1844 divini

380 1883 499 1968 eloquii
536 1883 691 1968 mysteria
728 1883 907 1961 enuntient,
944 1883 1138 1968 provideant
1174 1883 1346 1970 diligenter
1382 1905 1423 1946 ne

378 1985 517 2070 turpiter
542 1985 579 2048 in
607 1985 679 2050 vita
707 1989 850 2072 peccent,
874 1985 1048 2048 cohibeant
1077 1985 1295 2070 appetitiones
1323 1985 1425 2048 animi

377 2085 502 2162 rrimias
524 2087 590 2150 sint
617 2087 824 2164 continentes,
849 2085 1033 2150 habeantur
1057 2087 1170 2166 sancti,
1194 2093 1229 2150 et
1247 2087 1319 2150 aliis
1343 2087 1424 2150 vitae

376 2187 479 2272 legem
495 2187 713 2270 praescribant.
759 2187 782 2252 J
783 2189 892 2252 udices
912 2193 947 2252 et
964 2189 1116 2252 advocati
1135 2189 1298 2252 tenuiores
1317 2187 1425 2252 defen-

378 2289 467 2364 dant,
482 2287 619 2372 injmias
638 2287 683 2352 eis
703 2289 811 2354 illatas
831 2289 1029 2374 propulsent,
1053 2289 1244 2372 aequitatem
1265 2279 1425 2352 universis

377 2387 557 2466 decernant,
585 2411 674 2466 neve,
699 2389 786 2474 quod
809 2389 1000 2474 plerumque
1026 2389 1097 2452 fieri
1128 2389 1219 2468 solet,
1249 2387 1339 2452 inani
1368 2411 1424 2474 spe

301 2531 302 2534 =
370 2489 447 2576 jura
468 2489 671 2574 postulantes
700 2489 889 2578 producant,
921 2496 980 2554 aut
1008 2491 1092 2556 bene
1124 2491 1165 2556 de
1193 2491 1333 2576 negotiis
1359 2491 1426 2556 suis

375 2613 502 2676 sperare
519 2591 669 2676 jubeant,
688 2613 761 2656 cum
779 2592 1005 2678 perspexerint
1022 2591 1107 2678 juris
1124 2593 1286 2656 rationem
1304 2591 1340 2654 id
1361 2591 1427 2655 illis

377 2693 534 2780 denegare
558 2693 646 2780 quod
668 2693 815 2758 obtinere
839 2699 1005 2780 expetunt.

423 2803 440 2830 ‘⁴
462 2793 604 2872 infimos,
623 2795 679 2882 qui
696 2819 714 2860 e
730 2795 842 2860 multis
857 2801 942 2874 sunt,
959 2795 1143 2861 admonitos
1157 2797 1241 2874 volo,
1257 2819 1299 2860 ne
1314 2817 1428 2860 concn-

375 2897 465 2964 bitus
480 2897 678 2984 prcmiscuos
693 2903 927 2978 consectentur,
945 2921 1029 2963 neve
1044 2897 1127 2964 falsa
1140 2899 1329 2964 testimonia
1345 2921 1428 2984 prae·

375 3001 492 3076 beant3
526 3023 568 3066 ex
605 3001 706 3064 animi
740 3001 903 3064 sententia
934 2999 1057 3084 jurent,
1092 3001 1222 3086 quoties
1254 3003 1429 3066 necessitas

375 3101 592 3188 postulaverit
603 3127 612 3182 ;
643 3101 796 3188 pejerare,
826 3107 892 3180 aut,
924 3101 996 3166 Deo
1026 3108 1119 3180 teste,
1152 3102 1271 3166 falsum
1304 3102 1430 3186 aliquid

376 3203 545 3284 affirmare,
577 3205 691 3266 mortis
725 3203 830 3266 instar
863 3207 989 3288 putent
1035 3203 1215 3266 Enitantur
1248 3203 1298 3268 ita
1330 3227 1364 3268 se
1393 3205 1430 3268 in

378 3305 465 3368 omni
489 3305 591 3390 officio
615 3327 733 3392 gerere,
750 3327 791 3368 ne
814 3327 887 3368 eam
906 3305 1091 3388 opinionem
1110 3293 1220 3368 animo
1242 3311 1431 3390 conceptam

378 3409 489 3470 tenere
515 3405 698 3484 videantur,
730 3405 838 3470 Deum
869 3409 928 3468 aut
957 3427 1008 3468 res
1038 3405 1196 3470 humanas
1222 3427 1290 3470 non
1310 3427 1430 3482 curare,

376 3513 436 3572 aut
457 3529 496 3572 ea
516 3507 736 3572 misericordia
759 3507 978 3586 extitissent
1000 3507 1151 3590 precibus
1173 3507 1432 3592 delinquentium

279 3647 282 3650 ·
375 3609 479 3694 magis
503 3607 592 3674 flecti
613 3611 714 3674 soleat
726 3653 729 3660 «
741 3629 839 3692 quam
861 3607 1074 3692 improbitate
1095 3629 1207 3672 eorum
1226 3609 1430 3674 commoveri.

377 3711 484 3776 Deum
506 3711 655 3796 precibus
678 3711 787 3774 colant
809 3711 962 3790 universi,
984 3711 1124 3796 principi
1145 3711 1382 3794 obtemperent,
1404 3711 1434 3774 si

375 3813 513 3878 feliciter
542 3813 696 3878 conficere
720 3811 802 3878 vitae
831 3833 962 3878 cursum
993 3811 1229 3896 concupiscant.
1276 3811 1434 3876 Polliceor

377 3919 410 3980 et
440 3915 582 4000 spondeo
612 3919 731 3980 vestrae
766 3915 881 3978 salutis
912 3917 947 3978 et
982 3913 1220 3978 incolumitatis
1252 3903 1433 3976 maximam

376 4037 487 4078 curam
517 4037 571 4078 me
601 4015 800 4092 habiturum,
831 4033 916 4078 neve
945 4035 1091 4099 unquam
1121 4015 1368 4078 commissurum
1395 4020 1434 4078 ut

375 4117 508 4200 gravius
538 4115 716 4200 quicquam,
744 4119 921 4196 statuatur,
950 4115 1016 4178 nisi
1045 4137 1098 4180 me
1125 4116 1167 4180 de
1196 4116 1369 4180 clementia
1398 4121 1434 4180 et

375 4217 478 4280 animi
510 4217 646 4280 lenitate
684 4217 887 4304 perditorum
917 4217 1021 4282 scelus
1058 4217 1102 4280 ad
1138 4217 1348 4284 severitatem
1379 4217 1436 4280 de·

377 4317 535 4384 duxerit.'’

422 4421 601 4506 Postquam
624 4443 684 4486 rex
704 4421 754 4486 ita
775 4427 964 4508 perorasset,
986 4421 1095 4488 laetari
1121 4443 1233 4488 omnes
1255 4427 1434 4508 coeperrmt,

379 4528 413 4588 et
435 4523 557 4610 gratias
576 4523 647 4588 Deo
668 4523 818 4610 ingentes
840 4547 945 4610 agere,
966 4523 1055 4610 quod
1074 4523 1113 4588 in
1134 4525 1237 4590 talem
1258 4525 1437 4610 prinoipem

379 4625 574 4718 incidissent.
633 4625 805 4706 Excubias,
837 4627 1010 4705 custodias,
1040 4625 1183 4692 laterum
1208 4632 1243 4692 et
1269 4649 1439 4714 corporum

382 4729 550 4816 oppositus
579 4750 638 4814 pro
668 4729 741 4796 vita
770 4751 808 4796 ae
836 4729 923 4816 regis
951 4729 1058 4796 salute
1086 4727 1294 4814 pollicentur·
1353 4727 1439 4792 Cum
