3400 5709
270 1055 340 1108 Λ.Ῑ).
350 1059 420 1106 1413.

272 1339 319 1392 His
331 1359 388 1406 pru·

290 1417 332 1460 ent
342 1425 409 1460 mea·

275 1489 342 1526 sures
354 1491 385 1526 on

273 1541 312 1590 his
324 1555 404 1592 acces-

272 1607 327 1658 sion
338 1615 363 1658 to
373 1607 415 1658 the

271 1687 361 1724 010111.

395 1895 396 1898 =
437 1851 541 1928 batur,
574 1871 671 1936 quarn
703 1851 739 1914 in
771 1851 864 1936 regni
897 1851 1085 1916 societatem
1114 1851 1150 1914 id
1174 1871 1277 1935 genus
1309 1849 1478 1914 hominum
1582 1938 1584 1941 Ι

439 855 479 914 12
774 865 955 916 0111111111
975 862 1139 916 11010011

441 1039 579 1124 quadam
594 1037 754 1106 Henricus
772 1041 946 1126 abjecisset,
965 1044 1000 1106 et
1017 1037 1211 1125 experiendo
1226 1039 1475 1124 contempsisset,

440 1141 554 1228 selegit
577 1145 857 1228 praestantissimos
877 1141 982 1208 totius
1002 1141 1188 1226 reipublicae
1202 1141 1297 1219 virae,
1320 1146 1478 1226 tanquam

438 1239 563 1322 lumina
585 1243 685 1330 ipsius
715 1245 814 1330 regni,
842 1243 878 1306 in
909 1243 1000 1328 cujus
1024 1241 1248 1326 procuratione
1262 1309 1265 1312 ,
1269 1241 1341 1328 jam
1362 1241 1478 1308 consti-

440 1347 593 1410 tueretur.
639 1345 752 1408 Voluit
769 1343 1058 1430 in'amplissimum
1074 1343 1244 1408 consilium
1265 1367 1334 1408 11011
1345 1343 1478 1408 hebetes

440 1451 498 1510 aut
533 1445 661 1520 inertes,
696 1445 752 1528 qui
789 1445 873 1508 nihil
905 1443 1036 1528 ingenio
1070 1451 1130 1510 aut
1161 1445 1334 1530 prudentia
1369 1465 1478 1508 rerum

439 1547 634 1632 optimarum
665 1545 817 1622 vaierent,
850 1545 955 1630 deligi
1001 1544 1043 1608 In
1072 1567 1235 1610 summum
1260 1545 1406 1610 ordinem
1428 1547 1478 1610 in·

439 1647 578 1726 dustriae,
603 1645 727 1724 virtuti,
753 1667 790 1710 ac
812 1647 995 1732 prudentia
1020 1646 1285 1734 gravissimorum
1309 1647 1478 1712 hominum

438 1747 565 1812 aditum
591 1753 708 1832 patere,
734 1747 906 1814 honestum
932 1749 1035 1813 duxit.
1081 1747 1177 1812 Nihil
1201 1749 1316 1814 utilius
1338 1749 1479 1814 01111110-

437 1973 559 2030 vocare,
591 1957 624 2016 01
654 1953 695 2016 ad
728 1953 896 2018 consilium
926 1953 967 2018 de
996 1953 1094 2018 rebus
1123 1951 1258 2036 singulis
1296 1952 1477 2028 admittere,

438 2075 576 2138 quorum
593 2055 766 2138 prudentia
786 2053 903 2118 tectior
919 2054 988 2140 ipse
1008 2059 1093 2118 essct
1115 2057 1150 2118 01
1166 2051 1331 2130 munitior,
1352 2052 1479 2138 quoties

436 2175 541 2220 novus
573 2155 691 2240 aliquis
715 2161 822 2220 motus
852 2155 889 2218 in
917 2155 1083 2240 republica
1111 2153 1334 2218 concitaretur.
1390 2153 1479 2218 Bene

438 2257 568 2342 quidem
599 2257 637 2320 de
667 2255 826 2320 universis
850 2256 948 2320 rebus
981 2255 1175 2341 sperandum
1207 2255 1280 2332 fuit
1312 2277 1385 2320 cum
1416 2255 1481 2320 ista

437 2357 556 2422 futurae
579 2357 869 2420 administrationis
891 2357 1106 2422 fundamenta
1132 2357 1222 2440 jacta
1245 2361 1280 2420 01
1305 2357 1481 2442 prudenter

438 2459 544 2546 posita
568 2465 680 2524 essent.

485 2561 624 2640 Quantae
654 2563 863 2646 tempestates
885 2565 919 2624 01
948 2561 1097 2646 procellae
1118 2561 1349 2626 oboriebantur
1371 2583 1409 2624 00
1428 2561 1481 2626 dic

438 2685 511 2726 cum
534 2685 592 2726 rex
616 2663 774 2728 diceretur
797 2669 830 2726 et
853 2681 971 2726 corona
987 2670 1086 2748 caput
1104 2663 1295 2748 cingeretur,
1314 2685 1409 2727 nemo
1432 2669 1482 2726 001

438 2765 495 2850 qui
517 2765 652 2850 ignorat.
710 2765 809 2828 Varia
836 2765 876 2828 de
900 2785 987 2828 saeva
1009 2765 1069 2828 illa
1091 2769 1286 2850 tempestate
1312 2765 1482 2828 bominum

437 2873 516 2930 tunc
529 2867 655 2952 judicia
670 2867 820 2944 fuerunt3
840 2887 899 2930 nec
918 2866 989 2930 dico
1008 2886 1082 2950 quae
1098 2886 1194 2930 voces
1212 2866 1448 2930 emittebantur
1463 2889 1483 2930 a

378 2973 380 2978 ’
438 2969 536 3032 turba
552 2973 585 3032 et
600 2969 818 3044 multitudine,
846 2989 919 3050 quae
937 2969 981 3030 ad
1001 2968 1126 3052 regiam
1149 2969 1390 3032 coronationem
1409 2989 1484 3032 con-

437 3071 586 3134 fluxerat.
633 3069 867 3134 Praesensiones
891 3089 928 3132 ac
950 3069 1174 3152 praedictiones
1193 3069 1328 3134 diversae
1351 3069 1485 3134 fuerunt

438 3177 472 3236 et
495 3171 740 3248 dissentientes3
759 3171 814 3234 sed
834 3169 995 3254 principia
1014 3191 1130 3254 parum
1152 3169 1273 3254 quieta,
1288 3191 1349 3234 nec
1369 3175 1486 3256 pacata

438 3273 525 3350 satis,
542 3273 637 3336 mites
653 3273 761 3336 exitus
777 3271 1062 3354 consequebantur.
1106 3270 1296 3336 Constituta
1309 3271 1484 3356 republica,

356 3455 357 3458 Ἴ
438 3395 510 3458 quae
526 3395 543 3438 e
558 3363 592 3438 re
609 3373 771 3438 communi
787 3379 820 3438 et
837 3395 911 3438 eum
932 3373 1139 3436 subditorum
1152 3373 1299 3436 utilitate
1314 3373 1487 3458 conjrmcta

437 3475 577 3560 putavit,
603 3497 641 3540 ea
663 3475 808 3540 celeriter
831 3473 1036 3559 suscipienda
1059 3479 1094 3538 et
1114 3475 1317 3558 procuranda
1338 3475 1487 3560 princeps

438 3575 649 3640 existimavit.
697 3575 781 3638 (lum
807 3593 919 3638 omnes
945 3574 1074 3638 ordines
1103 3575 1289 3660 frequentes
1318 3575 1355 3638 in
1384 3597 1487 3638 unum

438 3677 677 3754 confluxissent,
694 3699 736 3740 ne
750 3677 819 3740 ulia
843 3675 939 3740 officii
954 3683 1013 3740 aut
1027 3677 1171 3740 muneris
1189 3677 1272 3762 regii
1290 3675 1488 3740 intermissio

438 3783 529 3856 esset,
554 3779 668 3842 attulit
692 3779 872 3842 orationem
895 3779 993 3862 plane
1014 3779 1148 3864 regiam,
1170 3778 1343 3842 verborum
1366 3777 1489 3862 expoli-

438 3881 527 3944 tione
560 3881 755 3956 distinctam,
788 3867 1088 3964 sententiarumque
1116 3881 1277 3944 varietate
1306 3901 1489 3963 aspersam3
1606 3926 1611 3963 3

438 3981 528 4064 cujus
546 3983 766 4058 exaedificatio,
786 3983 822 4044 in
841 3981 974 4066 optimis
987 3981 1098 4044 verbis
1116 3985 1151 4044 et
1166 3981 1264 4046 rebus
1277 3981 1392 4064 posita,
1409 3981 1490 4064 quid

436 4103 456 4144 a
480 4081 616 4166 singulis
641 4083 828 4166 respublica,
855 4082 935 4166 quid
957 4083 1026 4166 ipse
1050 4081 1093 4144 ab
1116 4081 1278 4146 universis
1299 4083 1489 4166 postularet,

437 4205 565 4246 summa
602 4205 676 4246 cum
711 4183 898 4246 auditorum
936 4183 1146 4268 jucunditate
1183 4189 1217 4248 01
1254 4183 1490 4268 approbatione

436 4283 596 4370 patefecit.
660 4283 787 4346 Placuit
823 4283 1027 4349 nobilissimo
1064 4285 1203 4370 principi
1243 4285 1358 4350 mitius
1395 4307 1491 4370 agere

437 4409 510 4450 cum
540 4385 607 4448 suis
633 4383 780 4462 subditis,
807 4407 888 4468 quos
912 4386 1049 4472 imperio
1075 4392 1253 4466 coerceret3
1290 4392 1325 4450 et
1347 4387 1504 4472 cogitata⁴

436 4487 556 4552 mentis
583 4487 718 4552 dicendo
751 4487 883 4572 aperire,
910 4509 953 4550 10
983 4489 1114 4572 querela
1142 4488 1374 4552 nonnullorum
1403 4489 1492 4552 illius

437 4613 530 4656 011100
560 4589 679 4666 feriret,
706 4589 734 4654 si
759 4589 917 4674 supplicia
939 4589 1031 4675 prius
1060 4589 1337 4654 constituerentur
1366 4590 1403 4652 in
1433 4589 1492 4652 ali·
1599 4664 1601 4667 Ι

438 4715 526 4782 quos,
552 4695 697 4780 quinon
720 4691 880 4758 admoniti
902 4691 939 4756 11
966 4713 1004 4758 00
1026 4690 1214 4770 inciderent,
1243 4712 1317 4778 quae
1342 4691 1492 4778 princeps
1599 4772 1601 4775 Ι
