3400 5709
657 887 658 890 ¹
689 881 735 930 nn
756 879 910 932 HnNRlco
932 872 992 931 vm.
1236 834 1239 840 ¹
1294 865 1355 928 121

366 1061 384 1090 “
399 1051 553 1118 Edwardi
576 1051 683 1136 Regis,
708 1043 865 1116 Edwardi
883 1051 1038 1137 principis
1054 1051 1119 1117 isto

409 1159 427 1190 “
441 1153 523 1220 dure
542 1157 660 1220 notant
679 1175 835 1218 memores
854 1151 968 1238 praelia
986 1151 1081 1238 plura
1100 1153 1186 1216 data

330 1345 331 1350 ἵ
364 1265 382 1294 “
398 1255 481 1322 Oum
499 1255 609 1342 paucis
624 1247 740 1342 Anglis
754 1253 893 1320 victoria
911 1253 1018 1318 multa
1038 1257 1192 1319 notatur:

408 1367 425 1394 “
441 1357 515 1424 Hos
535 1379 703 1442 nunquam
720 1355 831 1442 potuit
850 1355 976 1422 viribus
993 1377 1060 1422 esse
1080 1355 1154 1422 suis.

364 1467 382 1498 “
396 1459 520 1546 Anglia
537 1481 604 1526 non
621 1461 754 1548 planget
771 1481 823 1526 me
843 1463 976 1546 captum
995 1459 1065 1526 sive
1084 1457 1311 1544 redemptum

406 1561 562 1628 “Praesto
583 1567 717 1648 paratus
737 1583 791 1628 ero
807 1561 892 1648 juris
916 1583 1021 1650 agone
1041 1561 1132 1628 mori

363 1673 380 1700 “
397 1661 516 1732 Sancte
537 1663 679 1754 Georgi!
705 1663 823 1730 Sancte
845 1663 973 1752 Georgi,
989 1665 1100 1730 miles!
1128 1663 1263 1742 adest03

402 1773 419 1802 “
434 1765 552 1852 Anglis
571 1767 607 1832 in
619 1767 703 1854 jure,
724 1765 845 1832 Sancta
865 1767 980 1846 Maria,
995 1767 1069 1832 fave
1083 1771 1090 1830 1

357 1877 374 1904 “
389 1865 462 1934 Hae
481 1869 562 1932 hora
582 1869 691 1954 plures
708 1889 766 1954 pro
786 1869 881 1934 nobis
901 1869 995 1934 eorde
1011 1873 1186 1954 presantur

129 2029 130 2032 ,
237 1979 297 2044 520
400 1979 417 2006 “
431 1969 623 2056 Anglorurn
629 1969 733 2054 justi:
758 1967 847 2034 fraus
867 1975 936 2048 tua,
956 1969 1100 2036 Franee!
1119 1969 1223 2034 ruet.''

352 2071 454 2138 Arma
472 2093 587 2158 gerens
609 2071 748 2158 propria,
771 2071 934 2158 propriam
954 2071 1027 2138 Rex
1046 2071 1118 2158 ipse
1137 2093 1286 2138 coronam
1375 2070 1377 2073 ’

396 2173 559 2260 Imposuit
579 2175 697 2260 eapiti;
722 2173 844 2260 prodiit
860 2174 937 2240 inde
953 2175 1070 2262 palam.

351 2277 514 2342 Vexillum
536 2277 672 2358 mandat
688 2273 796 2342 ¹bello
815 2277 943 2364 prodire
960 2281 1119 2364 patenter,

396 2379 437 2444 Se
457 2379 614 2466 signando
633 2399 731 2456 oruee,
753 2379 799 2444 sio
819 2379 995 2444 animando
1013 2401 1094 2444 suos.

351 2481 502 2568 Namque
522 2483 702 2548 sacerdotes
723 2503 742 2546 a
759 2487 852 2570 tergo
871 2483 1091 2546 vociferantur

396 2585 479 2652 Cum
499 2585 631 2672 gemitu,
657 2585 801 2650 “Nostri
820 2607 908 2649 nuno
928 2585 1087 2660 miserere,
1104 2581 1212 2648 Deus!

352 2687 483 2752 “Nune
506 2687 664 2766 miserere,
687 2687 796 2752 Deus!
828 2687 1013 2773 Anglorum
1032 2707 1127 2772 parce
1146 2707 1292 2764 eoronae3

397 2789 534 2874 “Regia
552 2789 629 2874 jura
648 2789 732 2854 fove.
768 2789 832 2854 Pro
855 2789 980 2874 pietate
1000 2795 1069 2868 tua,

352 2891 487 2978 “Virgo
509 2889 622 2968 Maria,
644 2889 737 2954 fave!
770 2891 901 2978 propria
920 2911 980 2976 pro
999 2891 1085 2970 dote,
1104 2889 1225 2976 Georgi

119 3061 134 3074 μ
234 3001 294 3066 530
396 2999 412 3028 “
429 2991 532 3072 Miles,
554 2995 588 3058 et
606 2991 776 3072 Edwards,
797 2993 870 3056 Rex
891 2991 954 3080 pie,
977 2991 1086 3056 eonfer
1103 2990 1217 3079 opem!

156 3099 157 3102 ’
353 3095 475 3160 “Dent
495 3117 607 3160 omnes
629 3095 751 3176 Sancti,
773 3095 872 3182 Regis
893 3095 1079 3158 constantia
1100 3095 1205 3160 nostri

397 3197 508 3262 “Fiat
527 3201 566 3262 ut
583 3203 715 3284 aooepta
732 3219 789 3284 per
815 3219 905 3262 saera
924 3201 1004 3262 vota
1025 3196 1124 3266 De0·''

353 3299 443 3364 Bello
465 3299 673 3386 congreditur
693 3299 856 3364 exereitus
874 3321 962 3362 unus
984 3304 1019 3364 et
1040 3299 1141 3364 alter:

396 3401 461 3464 His
478 3401 566 3464 binis
587 3421 718 3486 campus
736 3421 794 3486 per
811 3421 928 3466 nemus
944 3406 1054 3466 arctus
1072 3406 1151 3466 erat
1191 3390 1197 3404 ’
1237 3400 1239 3403 ’

351 3501 562 3566 2Η11111111111
582 3503 681 3586 Regis
702 3501 906 3567 Humfredus
925 3502 1047 3567 nobilis
1065 3507 1118 3568 est
1140 3500 1244 3566 fDux

397 3605 538 3690 Inguina
558 3623 745 3688 percussum
769 3601 887 3668 defluit
906 3625 982 3670 ense
999 3625 1103 3668 eruor.

352 3703 442 3770 Huic
465 3707 508 3770 ad
534 3705 672 3770 humum
695 3725 804 3790 presso
826 3705 900 3770 Rex
925 3703 1140 3770 succurrendo
1161 3709 1357 3790 superstans,

398 3807 526 3872 Fratris
545 3805 694 3872 defensor
711 3807 772 3872 hoo
789 3805 826 3870 in
848 3827 952 3892 agone
971 3806 1046 3872 fuit.

353 3905 552 3974 Francorum
574 3911 686 3974 turma
710 3907 863 3994 prorupit
879 3908 924 3974 ad
943 3909 1182 3988 arcitenente83

234 4005 294 4072 540
396 4011 505 4076 Turbo
529 4009 725 4098 sagittarum
748 4013 877 4076 vertere
896 4013 992 4096 terga
1011 4009 1111 4076 dedit

351 4109 482 4178 Horum
502 4111 658 4178 nobilitas
679 4111 715 4176 in
736 4109 853 4190 fronte,
873 4111 983 4178 tribus
1001 4107 1087 4178 'data
1105 4112 1232 4192 turmis,

393 4215 449 4280 Ad
471 4213 594 4282 vexilla
615 4213 721 4282 tribus
744 4213 780 4280 in
796 4215 861 4282 ulit
882 4236 977 4282 arma
992 4215 1091 4280 loeis:

630 4471 631 4474 ,
729 4415 936 4472 ‘Gloueestria

334 4699 342 4730 ¹
355 4699 466 4752 Omitted
476 4699 503 4750 in
515 4701 585 4754 Harl.
597 4705 655 4752 861.
888 4697 975 4748 ²This
997 4698 1049 4748 ond
1064 4697 1108 4748 the
1128 4703 1190 4748 next
1206 4697 1277 4748 three
1293 4699 1357 4749 lines

813 4799 816 4806 ¹
853 4791 896 4828 are
907 4775 1010 4832 omitted
1020 4777 1049 4830 in
1059 4774 1165 4844 Vespas
1175 4777 1208 4830 D.
1215 4791 1277 4826 nn.
