3400 5709
539 1513 766 1604 HENRIOI
802 1513 992 1616 QUINTI

242 1763 244 1766 ⁵
369 1803 713 1886 rurusrsrssrm
737 1819 1003 1886 mororum
1024 1821 1163 1886 nnsis

565 2101 962 2196 HISTORIA.

279 2675 442 2742 FRUSTRA
472 2677 575 2742 onmis
603 2699 706 2742 sermo
732 2679 967 2755 institueretur,
999 2682 1034 2742 et
1062 2679 1169 2742 inanis
1199 2683 1427 2742 eseetlncrodue-

91 2855 92 2864 }
232 2781 331 2858 labor,
364 2781 392 2842 si
424 2801 541 2866 genere
571 2779 726 2844 orationis
758 2781 954 2846 accuratiore
985 2781 1128 2844 discendi
1154 2780 1277 2864 cupidis
1292 2765 1400 2874 ffiffi'

91 2911 92 2936 ÷
149 2923 150 2926 =
234 2903 422 2956 enarrarem,
456 2903 527 2966 quae
557 2879 770 2944 invictissimo
807 2881 946 2966 principi
976 2883 1163 2946 aecidenmt
1191 2885 1448 2956 ante-A‚1>,1413,

234 3005 330 3066 quam
364 2981 581 3066 principatum
618 2981 655 3044 in
684 2980 810 3066 Anglos
853 3005 929 3046 suos
945 3002 949 3008 ·
967 2983 1178 3060 obtinuerat;
1222 3005 1282 3046 neo

232 3105 308 3146 vero
325 3105 369 3158 ea,
387 3105 460 3168 quae
475 3105 510 3146 re
525 3103 562 3146 ae
576 3083 670 3146 factis
693 3083 826 3146 ineunte
850 3083 1066 3146 adolescentia
1081 3083 1279 3168 praestiterit,

231 3185 421 3270 explicab03
446 3189 479 3248 et
502 3185 619 3248 leviter
638 3205 822 3270 percurram
838 3185 974 3270 singula,
994 3207 1075 3268 quae,
1092 3185 1281 3248 confirmata

231 3291 336 3364 aetate,
362 3309 436 3350 cum
458 3287 486 3350 is
509 3307 542 3350 se
564 3287 798 3350 corroborasset
822 3307 860 3350 ae
882 3287 935 3350 vir
959 3287 1046 3350 inter
1075 3287 1164 3350 viros
1186 3291 1277 3362 esset,

231 3387 272 3450 ad
292 3385 414 3468 civium
438 3385 696 3450 incolumitatem
719 3385 876 3470 singulari
897 3385 1031 3449 consilio
1047 3407 1085 3450 ao
1109 3385 1178 3450 alta
1199 3407 1279 3471 qua-

232 3487 307 3550 dam
332 3491 442 3552 mente
465 3491 693 3572 procuraverit.

274 3587 382 3650 Multa
406 3587 518 3674 primis
541 3587 635 3650 annis
659 3589 778 3652 futurae
801 3587 936 3650 virtutis
960 3587 1153 3651 documenta
1177 3587 1274 3664 dedit,
1287 3595 1402 3647 Promisc
1410 3599 1441 3648 of

150 3697 152 3702 '
229 3689 410 3772 exquibus
443 3689 627 3770 conjectura
657 3689 750 3752 fieret
775 3691 1010 3772 praepotentem
1038 3689 1154 3763 Deum,
1179 3689 1275 3752 rebus
1286 3665 1354 3776 {212¹}
1362 3677 1426 3776 puna-

228 3789 378 3854 humanis
417 3789 646 3866 consulentem,
681 3789 865 3874 Anglorum
900 3809 1001 3872 regno
1039 3809 1115 3852 eum
1152 3809 1275 3872 praepo
1285 3792 1330 3842 the
1341 3792 1411 3860 king.

228 3891 332 3954 suisse.
381 3891 518 3954 Infinita
545 3895 717 3956 occurrunt
741 3911 846 3954 rerum
871 3889 1066 3964 testimonia,
1091 3911 1165 3972 quae
1182 3887 1275 3952 facile

229 3991 351 4068 docent,
377 4013 473 4076 quam
501 3991 604 4052 multa
627 3991 844 4054 maximarum
874 3990 1037 4052 virtutum
1065 4011 1134 4052 non
1162 3989 1275 4052 adum-

227 4091 321 4156 brata
351 4093 408 4156 sed
440 4115 590 4178 expressa
621 4093 713 4178 signa
742 4091 867 4156 habuit.
933 4091 1037 4154 Erant
1062 4091 1151 4178 apud
1181 4091 1274 4156 illum

96 4207 97 4210 ’
138 4201 139 4204 ’
173 4195 174 4200 ’
227 4193 396 4256 industriae
420 4193 544 4258 stimuli
570 4215 606 4256 ac
634 4193 754 4256 laboris
766 4217 774 4272 ;
798 4193 955 4278 vigebant
978 4193 1088 4256 studia
1112 4193 1161 4256 rei
1189 4193 1274 4257 mili-

227 4295 312 4368 taris,
344 4295 517 4380 singularis
555 4299 589 4358 et
615 4295 727 4358 divina
762 4295 797 4356 in
831 4295 964 4358 miseros
987 4293 1115 4358 duriore
1140 4295 1274 4358 fortuna

159 4455 160 4458 ,
229 4415 392 4480 oppressos
414 4393 604 4472 clementia;
630 4395 774 4458 omnimn
797 4393 905 4458 oculos
918 4393 1110 4478 perstrinxit
1124 4395 1272 4458 inaudita

228 4495 375 4578 quaedam
405 4495 622 4580 propagandae
654 4495 819 4580 religionis
855 4495 1023 4580 cupiditas,
1055 4497 1270 4560 mansuetudo

91 4667 96 4674 Ἄ
227 4593 391 4672 inusitata,
417 4595 574 4680 sapientia
597 4595 793 4660 incredibilis
805 4619 812 4676 ;
836 4601 871 4658 et
891 4597 929 4658 in
953 4619 1078 4660 summa
1108 4601 1269 4680 potestate

118 4697 120 4702 ’
228 4715 334 4760 rerum
366 4697 511 4760 omnium
541 4697 655 4760 modus
684 4697 720 4760 in
753 4695 895 4760 Hernico
924 4697 1066 4782 principe
1098 4697 1268 4782 apparuit3
