3400 5709
592 899 593 902 ,
658 855 802 904 ueneror
824 849 877 904 vn.
939 890 943 895 .
1242 841 1295 904 4-1'

249 1027 330 1108 clarc
367 1027 554 1112 susceptam,
590 1025 751 1104 deseratis,
786 1047 867 1090 neve
903 1025 1018 1090 frontis
1054 1023 1283 1112 integumentis
1295 1044 1448 1100 A.D·1415.

248 1129 440 1218 sententiam
461 1127 631 1206 occultetis,
649 1127 677 1190 si
696 1127 780 1190 forte
805 1127 908 1190 animi
932 1128 1034 1192 vestri
1055 1149 1076 1190 a
1096 1132 1169 1190 tota
1189 1147 1283 1190 causa

248 1229 477 1294 abhorruerint.
531 1217 637 1314 Trupe
668 1233 716 1292 est
744 1233 777 1292 et
801 1229 897 1292 valde
922 1229 1136 1304 inhonestum,
1159 1225 1284 1311 perpeti

209 1331 211 1336 ’
244 1331 355 1396 Gallos
377 1319 413 1392 in
434 1351 492 1394 nos
514 1331 669 1394 insultare
699 1333 733 1394 et
755 1331 873 1394 nostris
895 1331 988 1394 bonis
1009 1335 1121 1414 penate
1142 1329 1178 1392 in
1198 1349 1284 1392 sum-

142 1463 164 1484 ν
247 1455 299 1496 mo
322 1431 388 1496 otio
410 1431 504 1496 nobis
526 1433 640 1496 invitis
663 1431 790 1516 perfrui.
837 1431 957 1496 Parata
980 1437 1058 1496 sunt
1083 1431 1190 1496 omnia
1214 1429 1283 1515 qui-

245 1535 306 1598 bus
335 1533 412 1596 belli
448 1535 637 1620 magnitudo
668 1533 931 1610 administratum
954 1534 1081 1598 hostem
1118 1531 1284 1620 aggredia

110 1613 111 1616 Ἴ
183 1707 184 1712 1
246 1657 326 1714 mur,
355 1633 481 1718 magnis
513 1635 684 1700 itineribus
717 1635 754 1698 in
783 1635 923 1700 Galliam
952 1635 1189 1712 contendamus,
1220 1655 1284 1718 qua

135 1735 136 1738 ’
246 1735 378 1812 devicta,
402 1735 555 1820 praeclara
577 1741 610 1800 et
632 1737 803 1822 magnifica
824 1742 936 1802 nostra
958 1741 1053 1801 errant
1074 1735 1246 1822 erophaeaf’

288 1835 433 1914 Nobiles,
463 1859 598 1922 quorum
621 1837 815 1902 inoredibilis
839 1843 910 1902 erat
937 1839 974 1900 in
1002 1839 1087 1922 regis
1116 1842 1285 1922 conspectu
1296 1853 1444 1910 Thenobles

244 1937 432 2020 frequentia,
457 1939 610 2022 prostrati
634 1937 676 2000 ad
699 1937 796 2024 pedes
825 1939 1038 2022 postulamini,
1060 1959 1103 2002 ne
1126 1938 1206 2022 quid
1227 1925 1445 2039 du-ffissffiei'

243 2039 310 2102 rius
334 2039 373 2102 de
399 2059 559 2124 quoquam
584 2039 775 2116 decerneret,
803 2045 977 2126 antequam
1005 2039 1042 2102 in
1070 2039 1147 2102 belli
1172 2039 1285 2106 ardore

244 2143 277 2202 et
306 2139 479 2202 certamine
516 2139 673 2204 virtutem
711 2145 745 2204 et
781 2141 880 2204 fidem
916 2141 1165 2226 uniuscujusque
1202 2147 1286 2206 esset

245 2243 403 2324 expertus.
1012 2239 1016 2245 ’

302 2339 410 2404 Variae
441 2345 517 2404 sunt
549 2339 741 2426 scriptorum
777 2341 950 2426 opiniones,
981 2363 1055 2426 quae
1084 2363 1136 2408 res
1166 2339 1409 2408 Canta-various

243 2441 355 2526 brigiae
380 2441 530 2506 comitem
557 2447 591 2504 et
615 2441 702 2504 illius
732 2441 962 2528 conjurationis
991 2441 1092 2506 socios
1121 2442 1286 2528 impulerit
1298 2423 1413 2540 {mm

243 2543 287 2606 ad
317 2543 352 2606 id
382 2543 550 2608 eonsilium
582 2543 669 2628 quod
699 2543 739 2606 de
768 2565 844 2630 rege
873 2545 1097 2608 interficiendo
1128 2549 1285 2628 ceperant.
1298 2561 1424 2675 {5pr

1402 2641 1456 2678 .„,

243 2643 328 2708 Sunt
349 2645 467 2726 quibus
489 2645 601 2726 placet,
619 2643 875 2726 conjurationem
888 2645 1000 2708 fecisse
1020 2665 1080 2720 eos,
1098 2643 1185 2727 quod
1206 2645 1287 2740 falsa
1298 2691 1406 2756 spiraey.

243 2743 391 2828 opinione
429 2765 532 2808 comes
570 2745 633 2806 sibi
669 2745 732 2828 ipsi
768 2750 971 2828 persuaserat
1003 2765 1141 2828 regnum
1176 2747 1220 2808 ad
1252 2767 1286 2810 se

94 2831 97 2912 ζ
189 2875 190 2878 “
242 2849 480 2930 perventurum,
498 2843 641 2908 Henrioo
660 2843 769 2908 occiso.
815 2843 886 2907 Alii
900 2845 1100 2923 existimant,
1116 2861 1286 2910 munerum

242 2945 454 3030 corruptelam
488 2967 541 3010 eos
573 2945 746 3022 induxisse,
778 2967 850 3030 quae
882 2945 1049 3010 Gallorum
1076 2967 1137 3008 rex
1165 2945 1286 3011 eisdem

241 3039 445 3130 promisisset.
514 3047 650 3130 Propius
692 3051 803 3110 tamen
841 3047 885 3110 ad
921 3047 1095 3110 veritatem
1131 3047 1287 3110 secedunt

241 3147 326 3210 illius
366 3145 525 3230 opinionis
564 3145 781 3212 defensionem
819 3147 1037 3230 suscipientes,
1076 3167 1148 3230 quae
1185 3147 1288 3210 ambi-

240 3247 361 3312 tionem
387 3251 421 3312 et
444 3245 536 3332 regni
560 3245 772 3332 cupiditatem
793 3245 941 3311 homines
961 3247 1225 3312 honoratissimos
1246 3249 1290 3312 ad

241 3347 364 3412 facinus
388 3347 563 3412 concitasse
589 3347 691 3412 docet.
738 3347 839 3412 Utile·
864 3347 911 3410 eis
936 3347 1117 3424 videbatur,
1148 3341 1290 3413 multum

241 3469 329 3534 posse
353 3449 442 3534 apud
462 3467 535 3512 suos
556 3447 663 3532 gratia
686 3451 721 3512 et
741 3449 945 3524 auctoritate,
960 3471 1037 3512 vere
1051 3452 1091 3511 ut
1104 3449 1202 3512 liceat
1216 3469 1290 3512 oum

242 3547 337 3614 Aooio
363 3549 477 3624 dicere,
500 3545 628 3610 “Multi
643 3545 750 3632 iniqui
765 3569 802 3612 ao
817 3547 965 3610 infideles
978 3569 1079 3632 regno
1095 3551 1181 3623 sunt,
1197 3549 1293 3632 pauci

241 3647 344 3714 boni.”
660 3643 662 3648 ’
1000 3718 1002 3721 .

285 3749 370 3814 Ourn
400 3753 517 3834 pacata
546 3749 582 3812 in
614 3769 715 3832 regno
746 3769 803 3812 suo
835 3747 999 3812 Hernicus
1035 3747 1189 3812 universa
1218 3767 1442 3836 oon-TheKing

242 3849 312 3914 silio
339 3855 373 3914 et
404 3851 592 3936 prudentia
609 3849 777 3926 effecisset,
808 3871 909 3914 naves
940 3869 1014 3912 curn
1044 3847 1190 3913 exercitu
1219 3839 1460 3912 oon-setssailfor

242 3951 373 4028 scendit,
393 3971 430 4016 ae
453 3949 542 4016 mille
565 3949 688 4028 classes,
707 3971 724 4014 e
743 3953 840 4034 portu
863 3947 1002 4028 solvens,
1017 3947 1166 4014 secundis
1183 3947 1293 4016 ventis
1402 3941 1410 3956 ’

241 4051 375 4136 trajecit.
399 4049 506 4140 'Cum
529 4053 564 4114 in
588 4051 729 4116 Galliam
744 4049 908 4114 Henrious
930 4049 1109 4127 incolumis,
1130 4073 1197 4114 una
1218 4073 1293 4116 cum

242 4151 393 4232 exereitu,
410 4151 565 4216 elassibus
588 4151 775 4238 appulisset,
799 4151 996 4236 praeconium
1017 4151 1089 4214 fieri
1108 4151 1291 4238 imperavit,
1305 4175 1462 4242 Hisinjune.

242 4271 281 4314 ne
297 4253 370 4336 quis
394 4253 527 4316 deorum
549 4253 673 4336 templa
695 4253 858 4338 spoliaret,
878 4253 1061 4316 sacerdotes
1082 4251 1205 4336 injuria
1225 4243 1417 4360 affi-{ffiffl
1483 4325 1488 4332 ‚

242 4355 333 4428 oeret,
365 4351 504 4418 inermes
531 4353 727 4432 vulneraret,
755 4373 873 4438 pueros
898 4353 1041 4432 laederet,
1067 4353 1219 4418 mulieres
1245 4353 1293 4418 of·
1389 4327 1415 4376 g.

103 4523 104 4526 Ἴ
241 4447 391 4532 'sendere'a
417 4475 516 4538 poena
536 4453 652 4540 capitis
668 4453 735 4518 illis
757 4455 947 4540 praestituta
969 4455 1028 4540 qui
1048 4455 1135 4542 regis
1156 4453 1295 4540 imperia

129 4627 130 4630 Ἴ
187 4621 191 4630 ,
241 4571 309 4640 non
328 4551 544 4630 observarent.
653 4619 655 4624 ,
